2408 4560
155 452 192 517 58
510 445 582 525 testa
598 442 755 509 tetmaris.

116 566 146 608 re
161 560 273 616 nequeat
288 538 301 615 ζ
323 543 396 605 omni
425 542 625 617 suppliciorum
632 574 640 619 χ
650 546 693 615 gia
709 539 898 603 excandescens
915 540 1092 613 Flavianae}-
1110 540 1157 613 nni

116 618 261 679 acerbitate
280 636 295 674 a
317 616 451 676 sententia.
465 617 599 677 dimoveat
615 653 623 669 ·
637 614 778 675 'miraculi
808 618 932 674 novitate
957 614 1097 677 mitescere
1113 616 1157 673 de·

116 694 171 751 His
188 690 313 746 omnibus
336 688 487 749 nullatcnus
514 687 773 758 emetri-¹·buerat‚
805 688 880 757 jubet
909 706 1014 759 corpus
1040 688 1157 763 Martyria

117 778 163 821 ιιιι
181 760 332 837 Ephysrur,
348 762 422 832 quod
440 781 525 831 neque
541 761 627 831 preci·¹
638 824 641 829 ,
652 758 735 829 oleo,
754 756 857 823 resina,
871 760 936 831 pice
963 760 1088 831 inungi,
1106 779 1159 817 are·

117 834 167 891 bur
194 838 221 893 dt
248 830 492 905 pollicitationibus
504 864 525 897 ,.
541 852 572 889 ne
593 850 627 890 ue
653 848 735 901 toque
752 830 903 903 respersum
920 830 1043 891 admotis
1051 828 1159 890 demmin

119 904 223 980 judicia
259 906 399 965 severitate
428 910 456 963 dt
481 905 578 962 minaci
614 924 637 961 a·
653 903 754 968 aduri,
781 910 808 963 δι
824 901 903 963 lente.
920 906 1047 975 torqueri
1062 930 1080 965 r·
1093 900 1161 975 qnod

116 978 205 1035 verbis
233 976 338 1035 adduci¹
357 978 440 1048 posset
457 1013 469 1047 ,
493 993 523 1033 ut
541 973 628 1037 Chri-
639 1028 642 1037 .
654 979 768 1035 immane
785 974 954 1048 supplicium
970 996 1040 1036 cum
1056 976 1161 1049 hymn«

118 1046 229 1109 llianam
244 1047 416 1123 Religionem
432 1046 582 1119 desereret,
599 1048 628 1105 in
653 1046 717 1105 Deo
742 1066 834 1107 canent
860 1048 983 1107 sortiter.
998 1047 1160 1123 superadet,

118 1119 318 1181 tenebricosum
335 1139 467 1180 carcerem
475 1124 546 1177 omni
554 1140 642 1197 pror-¹
656 1122 683 1178 in
702 1120 836 1179 ardentem
854 1118 1160 1180 smuemnnirirur.

120 1194 167 1253 sua
182 1192 301 1251 humano
320 1190 429 1251 auxilio·
439 1190 629 1250 delliruturin-
640 1250 643 1269 Ι
655 1192 707 1249 Sed
721 1192 797 1263 quod
816 1190 896 1257 inde,
912 1194 1021 1253 cunstia
1038 1140 1161 1265 ilupenti·

118 1264 241 1323 cluditur
259 1302 270 1335 ,
296 1266 422 1323 arumnis
451 1270 478 1323 er
503 1262 630 1323 diuturna
641 1325 643 1331 ,
656 1262 723 1333 bur,
740 1262 839 1323 illusus
856 1266 982 1332 exiisset,
1000 1266 1104 1321 teritur
1118 1265 1162 1321 ini·

121 1338 211 1395 inedia
228 1336 419 1395 corrficiendus.
434 1336 632 1395 Sedcumcon-
675 1354 728 1393 unc-
740 1335 822 1409 judex
857 1356 890 1394 ne
905 1354 949 1395 rot
962 1334 1097 1407 tantisque
1103 1354 1161 1407 pte·

119 1404 229 1466 stantior
247 1411 275 1468 in
293 1407 349 1465 diet
374 1406 518 1477 evaderet,
544 1428 629 1477 neque
655 1356 737 1480 digiir
753 1371 866 1478 populun
878 1411 917 1465 im
968 1408 1163 1467 ium-deuelle-

120 1478 263 1540 Christum
289 1478 368 1539 libere
392 1481 515 1539 confiteri
533 1475 644 1541 desine-1
657 1498 713 1545 ιιι,
730 1486 757 1539 dt
775 1478 879 1538 Chrilli
896 1478 917 1537 fi
934 1500 979 1540 em
998 1478 1164 1553 amplestete·

119 1568 193 1617 ret,
218 1550 333 1611 sullibua
356 1550 532 1613 crudelissime
548 1550 727 1623 referitur,
750 1570 824 1612 extra
842 1552 936 1610 urbem
952 1548 1163 1625 Norat-perda-
1196 1546 1203 1557 “

122 1620 1161 1768 ιιιιιιιιιιιιιιιιιιιιιιιιιιιιιΐ

124 1764 265 1827 vulnerum
281 1734 425 1828 alcerbitare
444 1784 553 1829 vexatur
575 1772 630 1827 ani·
641 1764 645 1837 l
657 1764 732 1827 letus
750 1765 879 1827 &hilari
893 1788 931 1827 vu
943 1788 974 1827 tu
991 1765 1099 1829 collum
1111 1786 1158 1826 car·

123 1856 196 1897 nram
212 1838 335 1899 esilaret.
351 1842 406 1899 Dei
425 1859 517 1899 autem
529 1842 629 1899 virtute
642 1852 645 1857 ’
657 1838 731 1899 tritici
759 1836 876 1898 submisrr
896 1860 906 1907 l
933 1860 968 1901 ac
988 1842 1109 1911 seipsum
1136 1846 1161 1903 dt

123 1928 231 1981 repente
248 1912 430 1971 convalescent
448 1912 480 1971 ad
496 1910 631 1985 Apollinis
657 1908 1011 1973 cahnrmamcivitatem
1021 1914 1162 1975 nerem

120 1980 257 2053 templum
274 1982 368 2043 adduci
377 1982 535 2057 pullulavit:
556 1984 645 2055 quod·
658 1982 780 2041 mendant
795 2016 819 2049 2-
836 1986 957 2044 animam
968 1983 1162 2057 placidissime

123 2055 247 2113 nuntium
265 2052 343 2115 letus
360 2059 494 2127 excipietur
519 2054 790 2126 iniquus.exhaiavir
813 2053 919 2115 deciam
945 2060 1047 2117 odlavo
1074 2056 1162 2119 Kalen·

125 2126 224 2185 Praeset
241 2164 252 2197 ‚
272 2128 343 2201 quod
368 2128 457 2189 stadia
480 2120 702 2187 condantiae¹das
725 2128 884 2187 Februarii.
909 2132 990 2188 Extat
1011 2128 1108 2191 Calari
1132 2126 1162 2189 ad

123 2198 255 2259 indicium
272 2202 394 2263 erederet
410 2241 421 2272 ‚
440 2202 566 2277 precibus
583 2221 629 2261 an·
641 2184 646 2255 l
656 2218 765 2271 partem·
776 2200 848 2258 urbia
874 2200 1020 2261 occiduam
1050 2200 1104 2263 alte
1120 2200 1163 2261 de-

125 2274 187 2331 nuit
206 2269 335 2336 libenter:
365 2278 431 2335 Non
451 2274 528 2345 longe
544 2272 722 2347 autemlsossa
757 2270 923 2333 subtertanea
957 2291 1056 2351 crypta
1087 2294 1162 2345 quant

123 2362 140 2401 a
158 2340 238 2415 loco,
260 2346 318 2405 susa
337 2345 369 2405 ad
385 2348 475 2406 Deum
493 2344 631 2419 supplica·
642 2358 646 2419 l
658 2346 789 2419 Martyris
829 2364 962 2405 carcerem
1002 2352 1162 2419 perantiqua

122 2418 224 2481 tione>
238 2418 321 2477 idola·
329 2419 451 2479 subversa
466 2419 544 2486 sunt,
563 2416 645 2479 aris:
660 2416 802 2475 traditione
819 2414 915 2475 incola
940 2416 1110 2489 appellant,
1132 2416 1162 2478 ad

123 2484 181 2545 lico
198 2488 329 2560 templum
346 2491 465 2547 corruit.
490 2494 559 2563 Quo
577 2492 630 2547 mi·
641 2512 645 2561 ς
656 2508 758 2558 quam,
776 2488 886 2548 united
904 2490 966 2558 eius
985 2492 1163 2550 nomineDen

131 2558 224 2619 raculo
240 2560 306 2620 adeo
323 2565 465 2621 exterritus
481 2562 516 2619 ell
527 2558 645 2631 Julius‚'
658 2560 759 2618 sacrum
777 2562 932 2632 proximum
953 2561 1090 2636 templum
1114 2582 1165 2621 ma·

126 2646 158 2689 ut
173 2628 292 2701 delegata
302 2632 431 2691 Flaviano
444 2632 571 2707 potestate
582 2630 718 2705 lla-pne.
731 2631 876 2702 frequentia
904 2634 1001 2707 populi
1029 2634 1165 2695 conlluen·
1196 2664 1200 2671 ·

123 2704 175 2761 tim
195 2726 210 2763 e
228 2702 321 2764 littore
340 2703 471 2775 solveret,
494 2706 646 2765 iracundiae
658 2725 719 2776 res,
736 2706 861 2779 Martyria
881 2710 1040 2767 memoriam
1064 2710 1164 2767 summa

124 2772 225 2848 simul,
243 2784 271 2837 dt
288 2782 387 2838 timore
403 2797 558 2852 correptus.
660 2775 786 2848 religione
826 2798 981 2839 venerantur
1003 2816 1030 2849 ‚-
1047 2778 1165 2854 ejusden!

123 2860 159 2919 ξι.
176 2850 342 2911 ὓιΐιάιιιιιιιι
359 2855 464 2911 anima.
484 2853 555 2912 xxvi.
658 2870 735 2919 opem
752 2852 781 2905 in
806 2846 925 2909 hollium
951 2850 1166 2923 incursionibus,

318 2921 399 2985 acilio
415 2926 459 2980 vi.
659 2922 775 2992 aliisque
812 2921 929 2993 ptrblicia
963 2923 1164 2985 calamitatilxu
1203 2927 1204 2933 '

123 2998 310 3124 Flavianus
337 3002 427 3068 iraque
452 3018 483 3057 ca
503 2999 548 3069 spe
568 2994 632 3054 illu·
658 2990 882 3067 praesentissimam
912 2995 1167 3071 semper-experri.

195 3070 264 3135 sur,
290 3070 363 3139 quod
426 3070 472 3129 sset
490 3068 647 3163 aliquando}
658 3068 881 3146 Quocirca.Piur
897 3068 968 3139 Papa
987 3070 1078 3129 sextus
1101 3068 1167 3141 ejus·

124 3138 313 3199 sanctissimum
329 3162 379 3199 con
390 3142 499 3203 ell'orem
511 3144 542 3199 ad
559 3140 718 3215 Deo-gdem
738 3136 833 3196 sellum
850 3158 912 3195 cum
929 3140 1040 3200 Ollicio
1058 3148 1086 3203 de
1104 3140 1167 3209 Mis-

125 3232 184 3273 ιιιιιι
202 3210 308 3271 ιιιΙιιιιιι
338 3233 462 3273 revocare
478 3253 488 3285 ‚
511 3214 646 3288 precibur'
665 3214 691 3271 sa
709 3215 737 3267 in
756 3212 876 3270 universa
885 3212 1013 3271 Sardinia
1022 3220 1063 3275 Re
1086 3218 1108 3273 ἰ
1118 3216 1167 3275 Di·

125 3288 275 3357 ptimum·,
301 3306 351 3359 pro
370 3285 496 3359 olitisque
515 3286 731 3360 praemiis-'tione
749 3283 782 3342 ab
799 3284 950 3354 omnibus,
972 3289 1021 3355 qui
1040 3306 1058 3344 a
1092 3287 1167 3347 horat

125 3358 252 3417 eumdem
266 3308 417 3431 aggreditur
430 3386 437 3418 e
465 3380 528 3418 cum
544 3358 646 3419 autem
660 3359 798 3417 canonicas
816 3372 956 3424 tenentur,
973 3355 1108 3421 celebrari
1125 3360 1168 3418 be·

126 3428 220 3491 frullra
236 3437 264 3492 δι
287 3430 420 3491 inutiliter
443 3432 519 3491 verba
537 3430 632 3489 funde·
644 3426 647 3463 3
660 3430 738 3501 nigne
758 3426 866 3487 indulsvt
879 3464 903 3481 ·-

126 3524 199 3571 ret,
226 3524 276 3565 nec
303 3506 450 3577 quidquam
477 3504 632 3577 sperandum
660 3513 694 3574 nr.
710 3500 810 3561 Stolam
827 3501 1016 3573 iucunditatis.
1033 3502 1123 3564 xxvii·

125 3578 240 3651 amplius
255 3576 392 3647 duceret,
414 3576 523 3638 eundem
543 3574 646 3653 gladio!
765 3574 893 3630 satereia
916 3570 1070 3644 Nullam.

123 3656 232 3721 percuti
250 3654 339 3721 jubet·
359 3650 756 3722 Novointerimpro·.1.tdiio
773 3646 852 3707 sanni
866 3646 1004 3719 Evangelii
1024 3648 1166 3709 secundum

126 3724 203 3799 digio
229 3724 284 3784 Dei
311 3728 394 3785 virtus
422 3726 546 3786 enituit:
571 3724 647 3780 nami
825 3719 999 3781 Matrhaeum.

125 3816 189 3856 cum
205 3797 320 3857 carnifex
336 3801 420 3858 idlum
432 3798 558 3866 libraret,
578 3780 647 3865 gia-l,
678 3792 761 3855 lessio
779 3790 834 3850 vis·
1036 3803 1100 3873 Cap.
1110 3808 1150 3867 15.

125 3866 201 3928 dium
227 3888 303 3929 manu
331 3870 400 3929 sorte
426 3870 549 3929 excidisse
574 3869 718 3985 fer-IN
746 3864 796 3925 illo
816 3886 957 3941 tempore:
986 3868 1070 3927 Dixit
1094 3870 1167 3941 Iesur

126 3955 186 4005 tur,
203 3961 285 4014 quem
301 3940 387 4001 denuo
401 3946 501 4013 erigere
518 3939 631 4013 frustra,
712 3938 864 4024 Discipulir
882 3940 938 4001 suis
954 3962 963 3995 ι
981 3939 1071 4001 nolite
1097 3940 1165 4000 arbi·

124 4008 218 4085 sepius
235 4018 391 4075 tentaverir.
409 4015 456 4076 1ra
471 4018 630 4087 itaqueava-
643 3988 750 4079 lerata,
773 4018 838 4084 quia
857 4015 974 4077 venerim
992 4032 1087 4089 patent
1102 4017 1166 4071 mie·

1076 4102 1129 4145 tere
