2408 4560
106 602 175 665 ΕΧ
217 598 680 665 DECRETORUM
719 500 1068 675 nactsritssb

190 762 201 775 '
242 761 360 826 Rituum
379 764 637 841 congregationis
658 758 719 825 hac
739 760 776 826 ad
794 770 979 835 Breviarium

416 846 584 911 Romanum
604 847 754 909 attinent.

106 1003 212 1072 'Atra
232 1008 355 1072 Rituum
376 1010 559 1086 Congregat.
586 1005 753 1071 declaravit
779 1011 815 1073 dt
840 1010 1004 1084 decrevit,
1031 1029 1097 1075 non

106 1066 121 1153 l
144 1087 273 1168 potuille
290 1089 359 1167 poll
376 1088 491 1153 bullam
509 1095 539 1155 S·
560 1094 609 1154 Pii
629 1094 666 1153 V.
686 1088 725 1152 de
743 1095 898 1156 Breviario
925 1096 1066 1157 Romano
1086 1130 1097 1163 ,

106 1190 172 1251 eque
191 1168 275 1249 polle
293 1170 431 1237 locorum
451 1170 633 1235 orditurios
655 1187 713 1233 tarn
734 1172 915 1245 saculares,
935 1194 1024 1251 quam
1043 1176 1099 1238 Re·

106 1255 213 1325 tlares,
231 1248 342 1315 addere
362 1251 577 1325 Kalendarlls‚
610 1258 700 1314 etiam
720 1258 854 1331 propriis
875 1294 886 1325 ,
916 1253 1097 1319 Sannorum

106 1336 207 1419 illicia,
227 1331 282 1395 nisa
301 1353 334 1397 er
354 1332 505 1397 dumtaxat
524 1352 589 1413 quae
607 1338 752 1398 breviarii
774 1338 902 1399 Romani
934 1335 1097 1405 Rubriris‚

106 1417 220 1479 isaer.
240 1417 299 1477 th.
319 1417 437 1490 Congr.
457 1414 507 1479 seu
531 1416 615 1479 Sedis
635 1412 819 1491 apostolica
839 1415 961 1479 licentia
984 1434 1098 1480 conee-

106 1512 201 1563 untur:
220 1514 320 1575 noque
338 1502 463 1575 propria
481 1493 677 1567 arationnte,
696 1503 809 1573 quovis
832 1514 1002 1575 pratextu,
1028 1516 1098 1559 mu-

106 1598 140 1642 ne
155 1584 266 1650 ritum,
284 1582 337 1654 qui
357 1577 484 1639 babetur
504 1582 538 1637 in
559 1576 739 1638 Kalendario
758 1581 897 1641 Romano
917 1622 926 1650 ‚
957 1576 1008 1640 ltu
1029 1580 1097 1642 liu·

106 1665 169 1722 ritis
189 1662 359 1731 breviarii,
378 1663 412 1720 in
434 1655 577 1720 altiorem
597 1662 703 1719 ritum:
723 1674 822 1735 neque
841 1654 1000 1720 extendere
1019 1675 1099 1719 con·

106 1740 149 1803 tlla
168 1738 277 1802 Officia
297 1737 337 1819 de
358 1737 433 1803 loto
452 1736 490 1800 ad
511 1736 634 1803 locum.

123 1829 193 1885 item
213 1823 332 1894 vetuit,
351 1822 385 1884 δι
407 1816 561 1898 prohibuit
579 1816 728 1884 celebrari
744 1837 798 1896 per
812 1833 910 1880 totam
928 1822 1098 1889 civitatem,

106 1898 325 1973 umnecenm,
352 1906 442 1964 etiam
461 1900 500 1963 de
518 1898 727 1982 cujuscumque
744 1898 905 1963 ordinarii
935 1897 1098 1964 autiona-

106 1998 134 2057 r,
150 1984 260 2047 Festum
288 2002 357 2047 cunr
377 1982 493 2045 Officio
514 2019 526 2052 ‚
554 2000 595 2045 eo
614 1980 696 2058 quod
714 1987 748 2044 in
778 1979 862 2045 loto
881 1977 952 2043 adfit
971 1976 1099 2044 accida

106 2063 285 2135 umbralis,
305 2059 357 2129 vel
378 2064 552 2145 Regularls‚
571 2062 623 2127 vel
643 2058 829 2134 Abbatlalis‚
849 2079 900 2125 aut
919 2060 1018 2140 aliqua
1037 2066 1094 2126 Re·

105 2146 193 2220 lqula,
220 2142 272 2207 led
291 2160 405 2206 tantum
424 2150 457 2206 ln
477 2140 564 2221 ipsius
584 2142 684 2208 Sandli
705 2139 831 2206 Ecclesra
862 2144 989 2205 Titularl
1009 2184 1020 2215 ‚
1047 2143 1099 2205 seu

106 2220 134 2285 bi
151 2224 306 2291 allervatur
324 2244 456 2303 corpus,
475 2242 523 2287 aut
544 2222 664 2298 infignis
685 2223 844 2300 Reliquit,
864 2226 898 2286 &
921 2243 985 2285 non
1007 2221 1099 2285 alibi.

124 2304 248 2382 Infignes
278 2324 376 2369 autern
397 2305 547 2383 Reliquias
578 2304 741 2368 declaravit
767 2302 857 2374 elle,
885 2322 1003 2380 caput,
1030 2301 1098 2366 bra·

106 2379 198 2460 bium,
217 2406 307 2458 crus,
328 2401 380 2450 aut
400 2385 484 2449 illam
505 2404 619 2464 partem
640 2390 801 2462 corporis,
822 2388 854 2446 in
877 2381 1037 2462 quapallus
1057 2383 1099 2446 est

106 2471 211 2544 larryr,
232 2467 329 2530 modo
351 2466 384 2528 fit
404 2472 541 2542 integra,
571 2468 604 2529 δι
624 2486 690 2530 non
709 2486 822 2543 parva,
852 2467 885 2528 δι
906 2463 1041 2543 legitime
1060 2463 1099 2528 ab

106 2547 250 2612 lrdinariis
271 2546 454 2626 approbata.
553 2596 557 2603 .

126 2634 168 2693 lie
187 2626 302 2693 Sandis
323 2624 482 2708 Episeopls
504 2626 675 2700 locorum,
703 2633 768 2689 Mar
803 2624 913 2696 ribus,
946 2624 1100 2696 Civibus,⁴

106 2706 195 2774 italiis
217 2708 329 2783 fellis,
350 2708 514 2786 de‘qulbus
534 2716 568 2773 in
589 2705 770 2771 kalendario
817 2726 949 2779 omano,
969 2708 1020 2770 seu
1040 2711 1099 2771 Ru·

106 2795 172 2854 uicis
191 2795 340 2855 Brevlaril
358 2788 437 2853 nibil
455 2788 599 2860 babetur,
618 2794 663 2852 uti
686 2794 778 2852 etiarn
798 2787 943 2851 delicatis
962 2785 1098 2852 nondum

106 2878 263 2936 moninus
281 2870 360 2935 nihil
382 2862 936 2960 proptiiffltlldritat'efconllituatur,
963 2868 1014 2933 sed
1033 2887 1099 2932 om·

106 2955 154 3017 t'no
173 2953 343 3017 consulatur
362 2956 427 3017 Sac.
445 2942 552 3023 Riturn
569 2948 799 3027 moerentia.
832 2948 836 2957 ’

125 3040 281 3098 Decretum
300 3054 421 3112 quoque
439 3032 673 3115 nuper-editum
683 3029 950 3113 supereledllone
974 3028 1101 3095 Sancto·

106 3134 144 3179 um
161 3122 193 3178 in
215 3119 382 3188 Patronus,
402 3118 435 3179 δι
456 3097 795 3197 impielfirmynmnioo
817 3112 965 3176 servetur.

126 3202 159 3261 Et
178 3195 239 3260 hac
259 3202 360 3260 omnia
380 3194 536 3267 decrevit,'
553 3194 673 3269 statuit,
699 3198 730 3258 lle
751 3191 924 3265 mandavit,
949 3198 1100 3259 innovan-

106 3270 253 3355 bpoenas
274 3277 567 3361 constitutionis-s.
585 3282 636 3341 Ριι
660 3264 890 3350 v.-''re.'ped.tve.

125 3357 203 3422 saur
232 3359 352 3422 demum
383 3358 533 3422 relatione
562 3355 671 3421 horum
702 3360 901 3418 Decretorum
931 3359 981 3418 88.
1002 3358 1041 3417 D.
1061 3359 1099 3417 N.

106 3438 206 3503 irbano
229 3446 314 3517 Papa
333 3445 417 3505 VIII.
436 3458 469 3501 ea
491 3435 641 3510 laudavit,
663 3435 896 3512 &approbavit
916 3478 927 3508 ‚
957 3452 1044 3516 atque
1062 3434 1099 3497 ab

106 3521 222 3585 mnibus
242 3520 352 3600 ubique
371 3520 422 3585 lub
441 3516 590 3597 praedidlis
610 3524 713 3596 poenis
730 3516 837 3578 servari
850 3522 1009 3593 pracepit,
1028 3534 1100 3579 nec·

106 3618 148 3666 ton
167 3609 197 3666 in
219 3608 310 3667 novis
331 3606 491 3667 breviariis
513 3599 552 3664 de
571 3600 713 3663 mandato
730 3596 901 3662 Sanditatis
923 3596 977 3662 luae
995 3602 1099 3674 impri-

106 3683 197 3749 utndis
217 3691 330 3761 apponi
349 3682 447 3766 julsn.

165 3853 249 3913 Loco
269 3856 303 3919 e·
326 3847 444 3924 sigilli.

248 4013 291 4074 D.
311 4016 480 4091 Tegrinrius
501 4008 599 4089 Epist.
622 4002 766 4073 Aliistenl.
785 4009 896 4070 Secret.

740 4162 758 4234 Ε
800 4185 818 4228 a
1001 4166 1061 4246 laq

1149 4174 1192 4264 Ι
