2392 4522
528 426 598 505 Festa
615 424 774 489 Februarii·
1103 446 1141 498 49

118 530 263 597 manibus,
281 535 307 590 a·
324 528 505 603 obtemperare
521 550 635 605 propter
670 530 779 591 tillimir
802 530 1015 593 constituendum
1041 530 1174 592 Ordinem

118 626 179 669 am
207 606 311 665 concilis
338 604 503 677 summopere
529 602 634 665 siudue-
666 604 714 665 else
734 604 824 664 adsui
844 606 974 664 honorem
999 612 1026 667 dt
1044 604 1174 677 gloriam.

118 682 190 739 irat.
208 678 366 756 Hingetiam
375 674 440 735 adeo
451 676 560 749 jucundi
576 697 634 749 gra·
667 682 729 737 Hoc
748 676 903 749 prodigioso
921 682 1052 751 Virgineo
1069 678 1175 739 elacrem

118 756 195 822 ique
212 754 238 807 ti
266 758 359 817 luere,
386 768 416 807 ut
432 768 496 807 eum
523 754 633 809 vitaturi
666 754 775 811 animari
802 750 951 809 humillimi
981 754 1095 811 Patres,
1121 770 1174 811 non

118 822 218 897 topuli
234 820 357 895 plausum
365 824 394 879 in
403 824 539 881 senarium
555 826 633 883 Mon·
663 826 727 897 quia
745 826 798 883 suae
815 827 909 883 mentis
933 820 1020 881 fuisset
1047 822 1175 883 suceesso-

118 916 175 955 em
192 896 228 953 ab
247 893 303 967 ipsa
322 896 356 951 iis
380 892 562 965 ptaeolleusum
588 896 634 956 lra-
667 918 707 957 res
726 894 841 969 polluros
857 900 984 970 gignere,
1002 894 1047 953 sed
1063 910 1092 953 ιιι
1109 895 1175 969 jussa

118 970 235 1027 ritaturi
254 964 429 1037 tetenderint,
448 968 541 1035 ibique
560 970 633 1027 Cru-
665 971 778 1029 reserata
798 969 915 1030 iacerent
935 968 1063 1039 supreme
1080 985 1176 1027 eorum

118 1040 231 1101 :isinum
256 1038 365 1111 Iesum,
391 1038 634 1112 nroessiffinnnque
665 1046 792 1115 Region,
808 1063 869 1113 quae
896 1044 1002 1101 nomine
1027 1040 1074 1097 rito
1096 1038 1175 1101 duru-

118 1116 237 1173 rdatrem
259 1110 377 1170 dolentes
404 1112 501 1173 uffidue
535 1114 634 1175 recole·
667 1134 755 1173 turam
773 1116 820 1173 fibi
849 1112 975 1174 familiam
1001 1112 1107 1171 fundati
1128 1132 1179 1171 vo·

119 1204 200 1247 ent»
217 1186 341 1267 apparuit
356 1182 468 1252 illatis,
486 1186 635 1259 habituque
665 1186 770 1259 luerat,
785 1184 919 1247 instituere
937 1186 1060 1257 deinceps
1067 1186 1176 1243 Sacrum

122 1256 564 1329 ugubriussrguuoinmemoriam
576 1264 634 1321 Do·
665 1266 805 1322 Servorum
823 1262 957 1321 Ordinem
979 1260 1175 1317 decreveruntt

118 1350 215 1389 nrum
232 1328 361 1397 suorum,
380 1350 635 1407 utrompatetentur
664 1354 717 1393 non
736 1354 790 1393 tam
808 1350 839 1394 ιιι
857 1336 937 1407 primi
955 1335 1014 1403 ejus
1039 1327 1174 1387 fundato·

120 1402 197 1469 stis,
218 1422 264 1459 eor
281 1400 463 1463 consecrauit.
663 1426 719 1477 tes,
735 1426 816 1476 ouant
832 1426 863 1463 ut
882 1403 994 1467 Celtllit
1011 1404 1062 1463 sua
1080 1400 1176 1460 funda-

118 1488 153 1545 gn.
176 1474 290 1559 Voeabo
308 1476 400 1533 Servos
424 1497 515 1541 meos,
539 1484 567 1537 dt
593 1480 634 1536 in·
663 1482 738 1539 tritis
754 1476 868 1537 Minillti
895 1478 1174 1549 Obsequentesznuor

118 1548 202 1621 duam
219 1544 282 1603 ullos
299 1550 391 1607 tunica
406 1569 484 1620 mea,
502 1556 531 1609 dt
544 1552 636 1623 cingu-
665 1554 777 1623 proinde
793 1553 945 1615 Dominus,
963 1570 995 1609 ut
1012 1552 1106 1607 Servos
1126 1548 1175 1605 bo·

118 1620 148 1687 lo,
171 1638 233 1679 tneo
250 1616 405 1679 confortabo
422 1642 484 1685 eos:
504 1626 568 1681 *Et
584 1644 635 1695 po·
664 1644 730 1695 nor,
748 1632 774 1684 dr
792 1622 879 1683 fideles
899 1622 998 1682 suosae
1016 1623 1129 1685 Matris,
1143 1621 1173 1679 in

118 1689 244 1753 :estatem
263 1709 349 1751 nicam
367 1692 434 1753 dabo
463 1698 491 1753 in
516 1696 636 1755 manibus
664 1700 722 1755 vita
738 1696 832 1755 multis
852 1696 1015 1757 virtutibus,
1037 1696 1066 1749 in
1084 1706 1173 1755 morte

118 1784 238 1823 eorum.
664 1768 757 1827 multis
782 1768 928 1841 prodigiis,
951 1764 1009 1840 poli
1036 1758 1174 1825 trunfitum

118 1838 156 1905 f.
180 1842 214 1893 Et
231 1855 309 1895 erunt
327 1836 396 1907 quast
412 1840 502 1899 Patres
514 1838 636 1900 habitan·
666 1842 758 1900 multis
774 1840 912 1901 miraculis
936 1840 1075 1899 adornavit
1094 1864 1101 1899 ι
1120 1855 1172 1897 no·

118 1909 197 1967 ribus
222 1908 392 1981 Jerusalem.
420 1918 454 1973 Et
479 1911 635 1985 potestatem
664 1913 767 1973 villlme
786 1934 848 1975 vero
866 1913 1021 1972 Brnedistus
1037 1910 1173 1971 decimus-

118 2000 231 2043 meam.
664 1990 776 2051 tetrius,
792 1990 850 2061 ejus
867 1983 986 2045 Insiitnti
1012 1980 1144 2044 Professor
1160 2016 1176 2053 ,

310 2050 393 2117 lessio
410 2054 453 2115 ω’.
664 2063 743 2132 cujus
773 2058 873 2119 sanetus
896 2062 989 2117 Petrus
1013 2074 1094 2125 erat,
1114 2058 1174 2129 ejus

118 2132 194 2261 ITa
210 2130 342 2187 cineritiis
360 2128 489 2202 vestibus,
502 2130 635 2205 indulgen·
664 2150 773 2201 quoque
800 2136 828 2189 in
854 2150 900 2189 eos
934 2126 1016 2187 haeres
1041 2130 1174 2191 amoris,

171 2218 197 2259 te
221 2202 303 2259 etiam
320 2204 477 2275 Episcopo,
502 2210 530 2262 in
548 2208 636 2278 nigrat
663 2202 788 2261 Pontifex
809 2202 991 2271 renunciatus,
1009 2218 1101 2257 eorum
1118 2200 1173 2255 mi·

118 2276 255 2340 mutarit,
278 2272 336 2345 poll
363 2274 503 2335 nonnullos
527 2296 636 2349 annos,
664 2294 720 2333 ram
737 2272 937 2333 Institutionum
963 2290 995 2328 ιιι
1019 2268 1172 2330 inclaresce-

118 2346 266 2407 fort-natis
283 2346 392 2415 quidem
409 2348 552 2421 auspiciis,
580 2348 635 2409 cla·
665 2369 704 2406 ret
722 2348 815 2418 Orbi,
834 2345 996 2405 lectionibus
1012 2342 1056 2399 luis
1081 2361 1172 2401 reeen-

118 2416 255 2481 tisllmum
274 2418 340 2476 illud
359 2420 565 2480 Praedieatorum
577 2424 635 2481 Or·
664 2420 711 2479 seri
731 2434 893 2493 perarnanttr
905 2414 1037 2479 consuluit
1049 2432 1081 2473 ac
1096 2434 1176 2478 man.

118 2492 193 2549 dinis
211 2490 303 2549 Dzrus
320 2494 420 2551 sanstus
436 2498 529 2554 Petrus
556 2498 627 2555 Mur·
663 2494 754 2553 davit.

121 2582 172 2641 tyr
191 2562 482 2635 Florentiamaerell'rtp
500 2576 544 2637 δι,
561 2569 635 2627 audi·
664 2580 697 2638 pr.
715 2564 780 2626 Vidi
806 2566 960 2639 conlundios
977 2563 1049 2623 vitot
1075 2560 1173 2623 haben·

124 2655 157 2695 ta
177 2638 343 2707 inlpesiaque
368 2635 446 2695 strnul
470 2660 522 2697 non
547 2640 636 2699 fucata
665 2660 704 2699 tes
729 2638 853 2710 lugubres
878 2634 980 2697 relies,
1003 2642 1030 2694 de
1054 2633 1172 2709 Angelus

122 2710 304 2771 sanctimonia
322 2712 462 2782 ipsorum,
479 2714 517 2771 ira
535 2716 589 2772 Dei
608 2734 633 2773 a·
663 2714 777 2770 Domini
805 2712 912 2769 locutus
936 2707 972 2765 eil
991 2704 1028 2791 'ad
1059 2726 1103 2764 me
1127 2707 1174 2763 di·

119 2782 192 2843 micl
210 2800 250 2841 ιιι
285 2802 346 2841 runt
372 2782 512 2843 semutuo
538 2784 634 2857 dilige·
663 2804 741 2843 censu
760 2788 775 2819 ³
792 2782 840 2841 Illi
861 2781 919 2839 sunt
937 2782 998 2837 Virr
1023 2776 1104 2837 sandii
1133 2778 1175 2837 sa·

121 2874 172 2923 ιιι
191 2871 222 2911 ιιι
275 2852 448 2915 miliarislime
473 2856 635 2917 versarentur
664 2858 699 2915 sii
719 2858 799 2915 amici
818 2856 888 2913 Dei.

118 2929 241 2989 invicem
263 2926 379 3003 secum,
405 2928 510 3001 seseque
534 2928 635 2993 alterne
664 2932 697 2990 l.
715 2928 781 2987 Vidi
798 2924 929 3002 Angelum
942 2924 997 2983 Dei
1015 2920 1173 2981 fortemvo·

119 2998 264 3061 soverent·
281 3001 355 3059 Inter
365 3020 459 3061 eceteru
474 3023 556 3077 portu
567 3001 634 3064 illud
664 3000 763 3062 lantem
780 3019 826 3071 per
843 2997 961 3056 medium
979 2993 1092 3079 eaelums
1107 3014 1173 3055 vote

121 3072 250 3143 accidit,
279 3074 352 3143 quod
389 3074 506 3145 sperante
531 3075 635 3155 inclyto
665 3092 757 3146 magua
773 3070 949 3141 clamantem,
974 3065 1172 3129 deducentem.

121 3148 241 3219 Martyre
257 3142 386 3205 honorem
401 3150 463 3207 Deo
479 3170 534 3207 non
548 3150 634 3210 modi·
663 3146 730 3206 Illi.

118 3238 204 3286 cum,
225 3238 347 3292 nragoum
367 3224 457 3279 Terris
467 3222 635 3283 commodum
662 3220 760 3281 Gloria
776 3219 866 3279 l‘atti.
886 3213 949 3275 Ilii.

143 3290 264 3349 reditun
282 3294 337 3361 iri,
356 3290 374 3347 fi
390 3298 509 3366 propitia
523 3300 634 3369 Virgine
681 3302 713 3350 lo
732 3290 809 3349 turtio
825 3287 959 3361 Nullum
983 3284 1176 3369 antiplona..

118 3314 203 3437 lbm
222 3362 328 3435 lateque
346 3384 567 3439 propagarentur,
584 3390 635 3431 una
664 3363 905 3439 Ingrediemesfioe
925 3360 1047 3430 maculas
1065 3368 1091 3421 ἃ
1105 3382 1174 3436 09⁶·

118 3458 187 3499 tum
206 3436 266 3509 lpfir
281 3439 399 3509 inpense
413 3458 470 3497 eam
493 3460 633 3513 exorante,
663 3460 748 3497 rantes
767 3436 918 3511 justitiam,
935 3434 1119 3519 habitaverunt
1142 3438 1174 3496 ln

118 3528 154 3569 ιιι
173 3528 329 3581 argumento
354 3509 446 3581 aliquo
470 3512 634 3575 voluntatem
664 3510 833 3572 tabernaculo
851 3530 921 3578 tuo,
942 3514 970 3565 dt
987 3524 1173 3574 requieverunt

118 3582 199 3643 suam
218 3582 391 3653 patefaceret,
409 3586 531 3645 invocata
550 3590 635 3661 Virgo
662 3588 689 3645 in
707 3601 797 3645 monte
816 3585 902 3643 sundro
919 3598 981 3638 tuo·

118 3674 214 3717 amaru
229 3658 257 3713 in
276 3654 371 3715 ullone
389 3659 415 3716 ei
441 3659 590 3729 revelavit,
609 3662 635 3721 se
679 3658 855 3735 antiplona.
871 3652 996 3711 Gloriam
1010 3656 1173 3723 &murtrum

118 3732 207 3787 Viros
227 3726 288 3787 lllou
303 3732 410 3797 &ptem
424 3770 432 3800 ‚
448 3739 474 3793 dt
499 3736 546 3805 qul
571 3755 633 3795 ven.
661 3730 784 3791 decorem
803 3722 1043 3799 irnposuislisupet
1061 3728 1171 3789 tonRe·

118 3804 177 3862 turi
198 3818 271 3859 erant
290 3800 347 3873 post
367 3824 428 3865 eos,
449 3808 518 3864 inter
543 3809 633 3869 mundi
663 3808 723 3877 gina
740 3806 902 3875 nlurryrun:
921 3816 984 3856 cum
1012 3802 1041 3857 ln
1068 3816 1173 3857 memo·

121 3874 252 3933 homines
270 3892 360 3933 omnes
378 3876 412 3933 ad
430 3875 560 3949 fingulare
581 3882 632 3941 str-
663 3880 728 3935 riam
752 3872 874 3931 dolorum
898 3888 1007 3931 tuorum
1032 3870 1172 3942 lugubrem

118 3948 221 4005 vitium
240 3946 314 4004 suum
334 3946 468 4021 selegisse,
484 3959 510 4011 dt
523 3956 632 4011 commi.
664 3946 759 4007 vellem
776 3966 820 4003 eos
840 3941 967 4003 induisti.

118 4018 237 4085 serandis
256 4024 339 4103 punis
354 4024 410 4093 jam
424 4022 632 4097 lutissuipnma.
661 4018 840 4099 antiphona.
866 4022 934 4081 Hac
961 4018 1014 4081 suit
1037 4016 1171 4092 generatio

160 4101 231 4159 Pars
248 4094 394 4174 Htcmnlis.
669 4105 672 4111 ’
917 4111 935 4149 ο
1058 4106 1129 4161 quae·
