2408 4560
489 518 559 592 resta
576 517 729 583 ιιιιιιιὶι.
1051 538 1088 590 57

98 614 149 677 'tint
167 618 262 686 nobit,
277 612 526 689 quanioquimur
542 639 594 679 non
640 627 672 673 In
688 611 956 693 seeundo'Noslmt·
983 616 1064 680 Lesiio
1081 616 1126 677 itn'

100 689 222 776 ndoiiit
238 693 360 775 intimante
379 693 517 777 sapientiae
537 714 594 751 vet·
626 690 783 818 Fi‘hysrus
802 689 878 749 AEliae
892 709 986 776 ortus,
1004 711 1034 748 ac
1053 692 1126 749 Dio.

98 779 160 831 ιιι,
188 764 229 820 sed
260 780 286 820 ιιι
314 764 432 822 domun
465 767 594 838 spiritus,
659 792 672 818 a
691 763 806 823 elettnnn
842 782 961 833 apprime
985 784 1063 823 carue
1090 764 1123 821 ab

98 831 274 905 piritualibus
304 833 460 908 spiritualia
483 857 593 910 compa·
619 836 711 896 eodem
733 839 759 892 in
776 833 888 894 Italiam
905 832 1124 893 adversusCirri-

98 925 193 964 rantes.
620 908 715 966 ilianor
749 906 931 978 proficiscendi
967 906 1123 975 potestatem

98 990 120 1036 t·
138 977 226 1049 Julius
243 979 410 1051 germinabit.
427 984 509 1040 xxiii·
619 985 746 1051 accepit.
766 982 867 1036 Verum
894 981 921 1033 in
940 980 1034 1035 itinere
1050 980 1124 1039 Cru-

102 1048 185 1113 Ltilia
203 1049 249 1110 iii.
481 1066 542 1131 cap.
548 1072 574 1128 3.
619 1056 659 1112 cis
677 1057 704 1110 in
723 1071 781 1111 aere
806 1052 946 1109 emicantis
972 1053 1124 1121 apparitio·

98 1130 174 1248 ET
192 1144 269 1197 ego,
295 1123 416 1190 fratrer,
442 1146 493 1184 non
512 1128 589 1199 potui
618 1146 676 1198 ne,
702 1130 728 1183 δι
748 1124 815 1181 mita
830 1128 912 1182 vote'
924 1124 1036 1194 proprio
1060 1142 1124 1180 eum

156 1196 233 1253 vobis
250 1196 345 1266 loqui,
372 1196 443 1268 quafi
462 1200 591 1271 spiritua-
618 1200 726 1256 nornine
745 1212 883 1260 vorante,
905 1211 1071 1261 commotus,
1088 1192 1122 1253 ad

98 1268 175 1338 ibus,
193 1267 234 1325 sed
246 1267 492 1338 quaficarnalibur.
510 1277 589 1330 Tam·
618 1269 694 1331 fidem
712 1269 853 1326 eonveri'us
878 1266 953 1334 fuisse
977 1264 1122 1327 creditur.

98 1359 167 1410 ruam
191 1338 307 1411 parvulis
334 1344 361 1398 in
387 1340 527 1412 Chtillo,
554 1342 589 1403 stc
617 1346 696 1402 Sacro
715 1339 906 1411 baptismarete
925 1354 1059 1407 metatus,
1076 1358 1121 1397 re·

98 1412 164 1469 obis
182 1430 278 1483 potum
295 1410 353 1472 dedi
374 1449 384 1481 ‚
408 1434 459 1473 non
474 1414 588 1487 escam,
617 1415 725 1483 ligionir
741 1410 800 1470 zelo
819 1448 829 1480 ‚
854 1418 880 1470 δι
897 1359 958 1471 {loci
979 1409 1121 1470 dilatanda:

99 1484 198 1543 ondutn
215 1488 286 1542 enim
303 1490 430 1556 poteratis
448 1508 457 1537 ι
481 1487 524 1545 sed
542 1508 588 1546 nec
614 1485 741 1545 defiderio
758 1484 857 1544 fervere
875 1485 978 1554 eoepit,
995 1480 1121 1553 nihilque

98 1554 588 1691 liiiil¹lii¹²⁰iiinliii⁰ii
615 1554 1119 1700 iiiiii*dissimilii

98 1718 124 1759 et
143 1720 191 1757 vos
209 1700 283 1758 zelus
299 1706 325 1760 dt
342 1704 498 1773 contentio,
525 1722 587 1763 non·
615 1722 665 1773 que
697 1703 816 1773 gentium
841 1699 1012 1771 profligare·
1044 1700 1121 1759 Hine

98 1772 254 1830 ttwmles
279 1770 366 1836 ιιιιιι
392 1780 418 1833 &
445 1775 586 1835 seeundum
614 1788 676 1833 c'um
700 1772 824 1833 efferatos
847 1772 973 1843 quosdam
995 1768 1115 1843 populos

98 1846 221 1903 rominem
239 1842 399 1906 ambuletis?
421 1846 495 1904 Cum
516 1850 586 1905 enim
615 1847 740 1905 Sardiniae
757 1843 874 1903 Insulam
892 1842 981 1903 ltaliae
997 1842 1120 1914 adjacen-

98 1917 146 1985 ruis
162 1915 251 1974 dicate
268 1936 319 1985 ego
332 1917 441 1986 quidem
453 1919 585 1979 sum'Pau·¹
615 1937 669 1976 tem
688 1919 779 1989 pratis
804 1919 922 1976 motibus
940 1923 968 1975 de
986 1914 1116 1987 religione

98 1991 103 2047 i
122 2014 130 2048 r
157 1987 226 2047 alius
242 2007 360 2055 autem,
384 2010 433 2061 ego
461 1989 561 2063 Apollo
577 2013 586 2045 .·
614 1988 732 2049 infeslare
749 1992 936 2061 competisset,
953 1989 1015 2047 Deo
1033 1990 1115 2062 inspl-

99 2078 169 2119 onne
189 2060 309 2119 homines
325 2060 413 2123 eilia?
438 2062 514 2138 Qtid
532 2066 584 2138 igi·
613 2082 702 2132 rante,
719 2060 914 2133 expeditionem
932 2057 1020 2118 statim
1036 2080 1118 2133 para·

98 2151 127 2189 ur
143 2128 181 2188 eli
201 2131 322 2203 Apollo?
339 2134 417 2211 Quid
435 2154 497 2192 veto
514 2138 584 2194 Pau·
613 2140 680 2205 vit,
709 2151 789 2204 atque
806 2135 838 2192 ad
855 2150 1032 2205 campartem
1049 2132 1115 2192 elas·

98 2214 143 2264 usi
160 2202 275 2264 Ministri
292 2207 352 2277 ejus
373 2238 383 2269 ι
407 2208 452 2265 cui
470 2207 583 2265 credidi-
613 2208 666 2264 sem
683 2204 815 2278 applicuit
833 2242 842 2271 ,
867 2224 897 2262 ut
914 2222 1002 2273 genter
1025 2202 1114 2263 adhue

98 2278 152 2346 lis,
172 2283 199 2335 &
217 2279 360 2347 uniruique
374 2275 436 2336 sttut
453 2280 586 2338 Dominus
612 2278 793 2350 superstitione
811 2276 916 2335 intents
934 2275 966 2333 ad
979 2273 1114 2334 Chrislit-

98 2346 174 2407 edit.
192 2354 247 2421 Ego
265 2348 409 2420 plantavi,
433 2349 532 2421 Apollo
549 2355 585 2408 ri-
611 2369 669 2408 nam
687 2350 765 2408 fidem
785 2348 957 2420 perduceret.
986 2344 1113 2406 Hostibus

100 2418 173 2490 avit,
193 2420 235 2479 sed
242 2422 317 2480 Deus
330 2425 521 2482 incrementum
540 2423 583 2482 de·
613 2425 702 2492 itaque
721 2422 748 2478 in
764 2417 897 2479 Arborenli
916 2420 1115 2479 Provincianon

101 2496 146 2550 it.
175 2494 267 2562 Itaque
287 2512 372 2565 neque
390 2498 436 2566 qui
456 2493 584 2566 plantat,
612 2513 665 2552 tem
684 2496 776 2564 armis,
793 2512 872 2563 quam
889 2495 1011 2551 oratione
1026 2488 1115 2563 fufio,

98 2560 120 2621 li
138 2562 263 2635 aliquid,
279 2569 420 2636 nequequi
438 2570 521 2638 rigat,
540 2568 583 2626 sed
611 2587 673 2625 cum
690 2569 839 2625 innumeros
856 2586 888 2623 ex
900 2561 1114 2633 dispersrrClrti·

101 2639 128 2693 ui
150 2639 340 2696 incrementum
360 2638 504 2698 datDeur.
523 2644 582 2715 Qui
613 2637 650 2695 ιιο
669 2636 877 2703 lucrantem,
893 2638 1035 2702 Calatim‚
1053 2656 1114 2709 quie
1148 2652 1155 2661 ·

98 2712 177 2767 utem
198 2708 328 2782 plantat,
359 2717 385 2770 δι
411 2714 458 2780 qui
487 2715 582 2783 rigat,
612 2715 697 2769 totiur
714 2709 811 2768 insuia·
827 2729 908 2780 caput
924 2718 950 2769 &
970 2713 1112 2782 Metropo-

99 2798 164 2838 num
182 2780 263 2840 sunt·
289 2783 478 2853 Unusquisque
496 2802 582 2841 autem
613 2782 647 2838 lis
673 2800 754 2846 erat,
779 2780 887 2840 seilinut
912 2784 1050 2853 perrexit,
1082 2797 1115 2839 ur

97 2854 216 2923 topriarn
246 2854 394 2914 merredem
418 2856 518 2923 accipit
543 2854 582 2914 se·
612 2874 680 2924 quos
698 2854 766 2911 sorte
786 2852 917 2910 idolorum
937 2850 1114 2923 prosanoeul-

98 2925 195 2983 undum
212 2926 431 2986 suumlaborem.
450 2928 583 2986 Deienim
612 2945 667 2995 tu,
691 2930 719 2984 dt
743 2923 850 2983 nefariis
875 2925 971 2981 ritib-as
997 2940 1117 2993 occupa·

98 3018 168 3055 rmus
184 2998 336 3071 adjutores:
363 3002 415 3059 Dei
437 3001 583 3069 agricultu—
612 3018 652 3055 tos
670 2998 768 3055 videret
788 3035 798 3068 ‚
818 2996 850 3053 ab
867 3015 955 3055 errore
972 3000 998 3055 &
1015 2996 1112 3069 imple·

98 3068 204 3139 tellit,
221 3074 275 3131 Dei
293 3070 522 3130 aedifieatioellit·
538 3075 582 3131 Se·
610 3090 664 3130 rate
683 3087 832 3129 revocaret.
1110 3078 1116 3087 '

98 3142 197 3201 undum
215 3146 324 3219 gratiam
343 3144 422 3214 Dei,
445 3166 504 3216 quae
521 3145 582 3206 data
610 3140 810 3214 152.Hnneilum
831 3142 904 3201 fecit.
925 3144 998 3203 xxvi.

98 3212 116 3271 li
142 3214 231 3287 mihi,
255 3236 286 3275 ut
304 3217 405 3286 sapiens
422 3220 581 3278 architeeiur
800 3213 881 3276 tellio
896 3236 926 3273 v.

98 3284 277 3347 undamentum
293 3288 387 3361 posui:
408 3288 475 3348 alius
491 3310 580 3351 autem
611 3294 742 3419 HUic
759 3310 814 3348 tam
833 3296 880 3365 pio
897 3314 928 3351 ar
935 3296 1037 3355 eximio
1046 3312 1110 3368 ope·

98 3360 296 3429 tperaedificat.
320 3362 508 3434 Unusquisque
533 3382 580 3421 au·
692 3368 715 3422 ri
733 3384 795 3423 eum
812 3367 982 3426 vehementer
1007 3371 1114 3427 intum-

98 3432 258 3501 nunidem,
284 3434 422 3503 quomodo
439 3434 581 3508 supetaedi-
608 3437 706 3506 beret,
733 3437 766 3496 de
783 3438 858 3497 rebus
875 3440 1018 3500 abeodem
1034 3438 1116 3507 tellio

98 3520 165 3561 ete.
191 3506 396 3564 Fundamentum
415 3509 487 3568 enim
505 3507 580 3567 aliud
608 3515 728 3570 monitus
745 3533 790 3586 per
808 3512 909 3572 litteras
923 3511 1113 3573 Diocletianus

98 3594 158 3633 emo
176 3576 262 3648 potest
280 3598 399 3651 ponere,
417 3599 509 3650 preter
528 3580 579 3652 id,
609 3586 650 3643 ira
674 3588 795 3658 protinus
820 3584 960 3643 excanduit
981 3606 990 3637 r
1024 3602 1110 3655 utque

98 3647 150 3705 uod
169 3648 282 3719 posrtum
296 3650 352 3721 eil,
368 3651 440 3721 quod
456 3652 492 3710 ιιι
499 3652 578 3712 Cirri-
609 3655 753 3733 Ephyfium
772 3677 786 3715 a
803 3654 935 3729 propofiro
951 3656 1082 3716 deterrear
1099 3691 1110 3727 ,

102 3740 132 3777 ur
145 3722 240 3807 jesus.
266 3727 357 3784 Nemo
376 3728 466 3795 itaque
484 3725 579 3801 glorie·
609 3730 713 3802 Iulium
739 3728 883 3800 quemdam
921 3726 1055 3786 Praefidem
1083 3736 1111 3793 in

98 3812 124 3850 ιι
143 3810 170 3850 rn
186 3792 356 3857 horninibus.
377 3800 484 3859 Omnia
508 3802 579 3857 enim
608 3804 752 3862 Sardiniam
760 3803 865 3871 mittit,
883 3798 1112 3869 quisortisstmum

98 3862 162 3923 estrn
182 3867 256 3925 stant:
274 3890 321 3929 vot
339 3888 427 3929 autem
445 3872 552 3931 Chrilli
572 3901 579 3934 ι
608 3872 712 3936 Christi
730 3870 856 3930 athletam
885 3872 990 3945 profusa
1010 3876 1109 3936 libera-

98 3936 201 4009 :hristus
218 3960 306 3999 aurem
323 3945 396 4002 Dei.
608 3948 685 4005 litate
701 3944 732 4002 ad
749 3942 889 4017 pristinum
908 3949 1031 4009 Deorum
1050 3948 1110 4009 rul.

98 4036 110 4094 3·
127 4008 486 4099 Ille'rognovitjullitiarn,
502 4019 579 4081 ἀνι·
608 4038 667 4077 tum
692 4016 818 4078 allicittr
844 4016 935 4086 setus,
961 4020 979 4077 fi
1007 4024 1110 4085 invido

98 4098 117 4141 ιι
134 4088 280 4149 mirabilia.
298 4092 375 4150 xxiii.
606 4092 713 4166 prorsus
729 4092 821 4151 animo
836 4090 998 4157 obsilentem
1017 4094 1109 4158 fleete-

824 4182 843 4223 ο
879 4182 897 4234 5
1044 4189 1074 4229 re
