2408 4560
525 510 594 587 resta
603 508 751 583 januarii.
1077 518 1111 580 33

115 600 208 665 multa
224 599 393 663 luculentiori
406 602 541 673 sermone,
557 626 626 676 quo·
650 626 707 665 tem
725 606 813 666 editus
829 603 883 676 eil,
899 620 932 667 nt
947 622 1040 663 omnes
1050 598 1152 662 intutu?

115 696 197 743 rum,
215 679 293 735 ratiis
313 672 493 733 molelliatum
511 696 624 750 occupa·
652 695 691 737 tet
709 699 739 737 os
755 682 830 753 ejus,
847 674 942 737 caelesti
959 675 1079 749 quodam
1098 676 1152 733 sul·

115 751 242 807 tionibus
261 748 421 820 impeditus,
440 747 531 818 aliqua
541 769 626 821 caepra
652 763 714 822 pore
750 751 887 824 perfusum
926 748 1115 808 admirarentur
1143 784 1152 801 .

116 820 215 893 aliqua
234 818 375 893 semiplena
394 818 521 890 reliquit·
543 825 625 881 Obiit
654 820 742 881 Multo
774 827 858 895 magis
882 842 972 887 vero,
994 840 1058 879 cum
1086 837 1153 891 puer

116 893 232 955 tandem
248 892 327 951 ditur
345 891 496 952 Ildefonsus
511 891 626 952 feliciter
654 895 776 965 grandior
792 895 883 969 palam
903 892 1091 965 supersonrem
1100 898 1153 952 Bt·

113 986 151 1025 ac
169 966 252 1025 sanilo
270 999 282 1033 2
309 984 371 1026 cum
389 965 492 1025 sedisset
517 969 545 1023 io
560 969 625 1039 Epi·
653 965 801 1039 ptismalem
818 967 923 1028 tamdiu
941 964 1013 1022 uisus
1030 963 1154 1023 elimina

116 1040 232 1113 scopato
264 1058 346 1097 annot
372 1057 496 1109 novem,
530 1040 628 1099 menses
652 1045 679 1098 bc
703 1039 800 1099 baculo
823 1036 1024 1115 Episcopalibus
1047 1034 1156 1108 insigni·

114 1110 205 1171 duosr
233 1107 402 1184 sepultusque
418 1109 455 1169 eli
473 1115 501 1170 in
519 1110 626 1172 Basilica
654 1113 702 1171 bus
718 1131 827 1172 ornatus
845 1147 855 1181 ,
882 1111 946 1171 dum
963 1106 1091 1169 adstantes
1107 1108 1157 1168 ad-

115 1180 258 1246 leocadiae
289 1186 363 1242 circa
389 1204 484 1242 annum
514 1184 626 1245 Domini
653 1186 785 1251 monuit,
809 1204 840 1245 nt
864 1184 957 1244 innanti
983 1181 1082 1254 Juliani
1108 1200 1157 1239 no·

123 1254 339 1315 sexcentesimum
358 1256 573 1327 septuagesimum
590 1258 628 1314 se·
654 1276 714 1317 men
731 1260 914 1331 Imponerent·
932 1254 1023 1315 Postea
1040 1256 1087 1327 pie
1100 1252 1157 1313 sarn-

117 1333 259 1403 ptimum‚
281 1328 461 1390 Recesvinrho
487 1334 515 1388 in
533 1330 630 1402 Hispa·
656 1332 749 1401 sieque
773 1329 925 1393 educatus,
951 1325 1156 1397 liberalibusque

118 1404 170 1461 nia
187 1418 338 1469 regnante·
364 1402 458 1473 Culus
485 1421 583 1474 corpur
601 1404 628 1459 in
654 1400 804 1474 disciplinis
848 1406 968 1476 apprime
1009 1398 1156 1469 eruditus,

120 1472 238 1549 generali
256 1491 272 1531 a
290 1476 423 1534 Saracenis
440 1475 629 1547 Hispaniarum
655 1472 815 1544 Theologiae
831 1492 939 1548 operam
956 1471 1047 1533 dedita
1064 1475 1091 1531 in
1102 1488 1158 1543 qua

120 1545 352 1677 gcsupattironelin
368 1548 517 1679 titrirssterrgrc
528 1551 628 1678 langn-
656 1545 802 1674 plurimum
820 1546 953 1620 profecit.
979 1546 1074 1615 Itaque
1092 1562 1157 1617 pro·

182 1637 225 1677 ern
267 1636 430 1677 ansatume
463 1645 470 1679 ε
535 1637 562 1677 rn
603 1640 629 1679 c·

124 1686 189 1749 ltsra
207 1690 276 1747 beati
297 1692 370 1749 Petri
389 1689 536 1752 honorifice
553 1695 631 1762 quic·
656 1692 689 1759 bi¹
718 1691 907 1763 predicatione
940 1694 994 1748 toti
1019 1689 1158 1763 Hispania

122 1760 227 1831 scens,
252 1780 347 1835 ntapna
362 1760 439 1821 illius
456 1761 553 1838 populi
570 1760 631 1822 reli·
659 1764 806 1823 mirandum
836 1765 865 1823 in
892 1763 1002 1823 modum
1031 1759 1159 1835 proluit.

122 1834 207 1907 gione
221 1832 336 1894 colitur.
660 1834 848 1895 Archidiaconi
872 1836 999 1907 dignitate
1022 1836 1051 1895 in
1067 1832 1160 1893 Eccle-

123 1914 169 1978 ᾗ.
186 1901 238 1964 lile
256 1904 293 1964 eil
310 1907 360 1976 qui
378 1924 446 1974 anre.
464 1905 524 1969 lvii.
658 1908 692 1967 iia
708 1907 836 1969 Toletano
852 1928 976 1975 ornatus,
999 1908 1033 1965 ab
1048 1906 1160 1966 Alfonso

144 1984 178 2035 In
196 1977 277 2036 terrio
294 1980 454 2052 Nasium,
478 1978 577 2039 Hamil.
601 1978 630 2037 in
658 1980 779 2054 deinceps
797 1999 868 2041 nono
876 1978 998 2043 Castellae
1013 1984 1086 2051 Rege
1095 1980 1160 2051 Epi·

121 2058 232 2127 long.
252 2057 308 2111 Vos
323 2051 384 2112 eliis
403 2051 536 2113 salterrae.
553 2052 633 2115 urin
660 2050 762 2121 scopale
780 2074 876 2115 munus
892 2055 958 2115 susci
993 2072 1021 2112 te
1034 2056 1160 2118 coactus,

124 2124 376 2186 comminatio.
394 2124 481 2183 lxviii.
660 2126 732 2196 quod
751 2126 851 2185 summa
875 2147 936 2186 tum
971 2125 1038 2187 aude
1053 2126 1161 2185 obivit.

156 2194 227 2255 DIE
243 2200 385 2257 XXVIII.
403 2199 608 2269 JANUnRss.
660 2210 695 2258 iit·
713 2200 803 2257 Inveni
822 2200 920 2257 David
936 2196 997 2256 lvii.

126 2274 163 2325 stt
175 2268 243 2343 f‘sl0
259 2269 402 2343 &jussani
419 2269 505 2346 Epist.
519 2269 635 2345 &confi
849 2268 931 2333 lessio
950 2291 980 2326 v.

240 2338 344 2426 qusrx
360 2364 416 2399 cum
435 2344 526 2405 ossan.
733 2348 781 2402 Ere
809 2360 883 2415 pater
914 2359 1060 2416 pauperum
1078 2339 1162 2426 luit)

673 1638 722 1677 atae
739 1622 804 1677 ritas
819 1616 957 1692 exemplo,
974 1616 1158 1677 &divinivtt-

124 2418 226 2477 Prone
243 2434 287 2473 rm
302 2412 446 2493 Hrspaenim
463 2412 636 2474 tricubitam
664 2354 722 2465 V
741 2420 843 2488 quippe
859 2417 907 2486 qui
933 2417 1067 2486 egentium
1085 2449 1096 2485 ,
1120 2430 1163 2471 rr·

214 2430 355 2566 smidnpi.
374 2493 408 2545 ad
426 2488 550 2549 libitam.
661 2490 773 2549 duarum
797 2498 825 2548 bt
850 2486 1016 2561 pupillorum
1043 2487 1163 2555 inopiam

336 2560 441 2621 orario.
663 2563 817 2635 pecunia&
845 2560 906 2620 aliis
932 2563 1039 2633 pietatis
1062 2556 1165 2618 officiis

128 2633 301 2763 Elinia,
324 2635 472 2705 quesumus
491 2636 637 2704 Domine,
664 2633 824 2695 subleuauit.
844 2631 1165 2695 Reddituslicclefiaesuae

201 2707 230 2763 in
247 2706 352 2779 populo
369 2726 418 2767 tuo
433 2706 635 2781 Spiritumcha·
663 2727 720 2767 tnm
751 2706 916 2765 sublevandis
944 2708 1072 2779 miseris,
1106 2721 1165 2763 tunt

137 2779 261 2846 sitatis,
287 2800 344 2850 quo
366 2779 474 2841 beatum
498 2780 638 2852 Julianunt
663 2779 833 2838 inslaurandb
863 2780 1034 2849 ornandisque
1058 2774 1168 2848 templis

129 2846 317 2911 Conlell'orem
337 2872 415 2912 tuum
432 2870 512 2923 atquc
529 2850 639 2911 Pontiss-
665 2852 824 2922 inrumpit,
847 2851 905 2919 ipse
924 2854 997 2909 renui
1015 2852 1088 2909 virtu
1105 2866 1168 2905 con·

133 2939 196 2981 cent
214 2921 314 2993 replete
333 2927 456 2997 dignatur
473 2944 518 2986 er:
535 2930 637 2983 &ton-
665 2940 782 2991 tentus,
809 2941 890 2991 quem
926 2920 1016 2981 labore
1040 2939 1169 2979 manuum

129 2992 222 3065 crde,
237 3013 269 3055 ut
287 3001 368 3073 cujus
384 2996 555 3057 festivitatem
569 2992 639 3054 tele-
666 2994 769 3053 suarum
787 2991 971 3066 comparabat.
996 2993 1030 3049 In
1047 2993 1170 3051 oratione

128 3067 263 3137 bromus,
286 3090 332 3141 pet
350 3070 456 3143 eiusad
475 3089 500 3128 te
517 3064 638 3140 exempla
666 3064 779 3125 assiduus
796 3085 869 3125 crat:
887 3068 967 3137 cujus
985 3067 1014 3123 vi
1032 3101 1043 3137 ,
1065 3082 1173 3136 paterna

130 3137 313 3211 gradiamur.
344 3146 394 3203 Pet
425 3144 588 3203 Dominum.
611 3142 640 3197 in
666 3138 798 3198 charitate
814 3136 924 3207 ardens,
941 3137 1026 3197 multa
1042 3144 1172 3207 &magna

130 3213 239 3271 unicae
255 3214 385 3287 eiusdem.
666 3230 718 3287 pro
743 3210 828 3269 salure
851 3208 949 3283 populi
965 3230 980 3270 a
998 3211 1061 3271 Deo
1086 3212 1172 3283 irnpe-

149 3292 203 3341 Ρη
219 3291 250 3341 S·
265 3296 391 3363 Agnere,
404 3286 533 3360 sannio,
551 3284 581 3343 in
598 3282 642 3340 bis
667 3286 749 3343 travit
768 3324 777 3342 .
802 3285 932 3353 Quorum
958 3280 1008 3345 illa
1032 3285 1175 3359 inprimis

131 3354 214 3430 resp.
231 3358 305 3415 nulla
317 3359 356 3433 fis
374 3379 497 3417 commem.
667 3354 780 3415 illustria
803 3378 812 3411 a
843 3359 916 3417 Cum
949 3356 1093 3430 aliquando
1117 3376 1175 3417 tota

155 3436 190 3485 In
204 3430 290 3505 prima
310 3432 390 3504 icosi.
408 3429 519 3495 lession.
545 3426 644 3491 Fidelis
669 3431 809 3489 Provincia
831 3433 870 3490 rel
889 3429 1068 3493 frumentarias
1097 3427 1176 3489 labo-

132 3500 235 3563 sernro.
250 3504 302 3564 liii.
670 3521 737 3561 taret
755 3505 864 3573 inopia,
883 3504 1098 3575 necquidquam
1121 3522 1177 3560 am·

155 3580 189 3629 Io
217 3581 310 3637 scando
327 3575 480 3650 Kasianon.
502 3572 586 3638 Lesir‘o
602 3572 650 3637 iv..
669 3574 743 3650 pIIua
761 3580 786 3633 In
805 3576 981 3650 Episcopatus
1006 3576 1108 3633 horreis
1134 3575 1177 3634 su·

142 3706 145 3711 .
171 3652 306 3721 Ulmus,
333 3649 454 3711 Ectlcsoe
484 3647 646 3711 Conchenfis
670 3650 800 3720 penset,
816 3648 910 3722 populi
928 3644 1107 3705 calamitatem
1126 3650 1176 3705 mi·

189 3723 355 3797 Episcopus,
372 3726 468 3794 Burgis
477 3727 532 3795 piis
552 3728 577 3781 dt
598 3724 646 3779 ho·
671 3724 793 3792 stratus,
840 3740 911 3778 teres
926 3737 988 3777 cnm
1008 3718 1130 3794 lacrymis
1145 3718 1178 3781 ad

137 3794 220 3855 neilis
241 3800 395 3869 patentibus
422 3814 499 3854 natus
512 3792 564 3853 eil.
583 3798 645 3868 Ejus
673 3797 764 3857 Demo
782 3794 810 3851 fu
830 3796 870 3849 ir.
886 3796 911 3850 'f
913 3810 964 3849 unc
972 3790 1119 3863 plurimum
1130 3795 1181 3851 tti-

135 3888 229 3928 orrum
260 3870 382 3941 praeclara
408 3869 483 3927 illius
500 3870 647 3928 sanilitaris
672 3872 721 3927 tici
755 3864 786 3923 ad
813 3862 880 3922 ardes
907 3863 987 3923 sandi
1014 3867 1139 3939 Episcopi
1164 3886 1182 3926 a

135 3949 164 4002 dr
183 3939 353 4015 Episcopalis
368 3942 506 4017 dignitatis
519 3940 589 4017 figna
606 3941 644 3998 di·
672 3937 818 4013 permultis
838 3938 965 4006 jumentis
981 3956 1180 4014 comportatum

137 4018 240 4073 trinitus
260 4016 322 4075 data
344 4016 546 4076 nobilitarunt.
574 4018 646 4073 Nam
671 4008 724 4079 eil,
743 4029 803 4081 qua
823 4004 944 4081 deposco
967 4030 1044 4071 orrcre
1067 4030 1181 4071 evanne-

138 4087 206 4149 adto
222 4086 361 4153 formosas
375 4094 403 4153 st
419 4086 536 4163 pulcher
561 4090 592 4147 in
607 4085 647 4145 lu·
672 4101 756 4145 runt·
782 4084 909 4155 euinque
926 4084 993 4143 item
1009 4086 1066 4146 dira
1083 4089 1111 4142 in
1129 4104 1183 4159 po·

896 4172 968 4224 ns
1076 4154 1198 4292 puina
