2408 4560
842 572 891 647 23

109 689 223 729 ssorum:
243 676 281 726 ibi
299 674 414 742 denique
430 677 544 730 omnium
558 676 713 735 Sanctorum
727 685 815 735 virtus
831 688 963 748 agglome-

109 774 135 809 ta
152 757 299 820 tepcritur.
318 752 402 808 Nihil
419 759 488 807 enin
503 773 618 826 unquam
634 764 716 813 alicui
734 760 886 815 Sanctorum
902 780 963 828 spe·

109 837 142 895 ali
160 834 301 899 privilegio
317 850 466 886 concessum
482 851 540 898 est,
558 839 629 904 quod
646 855 696 890 non
713 842 963 904 aprincipiovitae,

120 912 282 962 cumulatius
300 914 463 975 pnesulgeat
481 914 507 964 in
525 908 630 967 Maria.
647 912 719 968 Eece
734 914 884 970 Castellum
909 921 963 969 lut·

109 987 211 1036 ssimum
235 1004 296 1036 ecce
322 986 431 1041 Turrim
457 991 704 1054 inexpugnabilem,
728 1009 795 1059 quae
827 1010 964 1060 numquam

109 1064 201 1113 liabolo
218 1065 356 1125 praestitit
376 1066 524 1127 tributum,
542 1082 570 1116 ac
589 1066 681 1117 fidem.
696 1065 777 1120 Hane
791 1071 901 1120 intravit
913 1068 964 1137 Je·

109 1155 144 1199 is,
160 1140 262 1203 quando
276 1139 399 1192 Verbum
413 1159 475 1193 earo
492 1145 589 1195 laetum
606 1160 665 1203 est.
680 1149 704 1195 dr
721 1145 853 1195 habitavit
871 1147 897 1195 iu
915 1162 963 1196 no·

111 1231 139 1268 s,
157 1215 218 1264 ideo
237 1216 357 1268 iuimicus
375 1232 591 1282 expugnaturus,
607 1223 629 1270 lt
647 1218 777 1283 Regnum
793 1236 868 1272 suum
885 1237 962 1271 recu·

109 1303 238 1350 staturus,
256 1293 284 1340 in
301 1302 353 1358 quo
369 1293 402 1341 ab
420 1293 501 1358 initio
516 1290 641 1348 Daemon
658 1298 743 1346 luerat
761 1297 896 1347 intrusus-

118 1372 150 1430 ll.
168 1366 244 1436 Quae
262 1383 302 1418 est
319 1370 389 1431 ista,
413 1385 480 1434 quae
505 1370 632 1436 processit
652 1373 720 1422 sieut
738 1374 794 1433 sol,
811 1376 833 1424 ts
852 1372 961 1424 formosa

112 1459 209 1509 mquam
220 1442 532 1511 Jerusalem?Videtunt
549 1464 604 1497 eam
620 1444 706 1501 Filiae
722 1446 806 1511 Sion,
821 1453 844 1501 k
860 1449 963 1498 beatam

108 1536 228 1581 ,retum
245 1525 267 1570 sa
285 1519 411 1586 Reginse
430 1525 603 1574 laudaverunt
621 1540 693 1574 eam.

117 1600 144 1657 lt·
155 1594 194 1648 Et
212 1599 282 1650 sieut
300 1600 358 1650 dita
375 1602 448 1650 verni
467 1600 661 1651 circumdabant
677 1616 734 1651 ean
748 1604 824 1652 dotes
840 1615 963 1663 rotarum,

123 1674 182 1723 lilia
198 1676 369 1725 costvallium.
438 1675 592 1729 Viderunt.

108 1774 120 1806 l
458 1765 548 1816 Lectio
568 1763 611 1816 Vl.

108 1801 192 1876 'Jleeta
211 1845 267 1889 est,
282 1844 314 1878 ut
333 1844 402 1891 esser
420 1827 561 1881 Advocata
579 1845 666 1879 nostra
677 1825 765 1881 .Nam
782 1830 847 1879 licet
864 1827 961 1880 Advo-

108 1918 170 1952 itum
189 1904 311 1956 habemus
336 1906 402 1970 apud
430 1902 552 1964 Patrem,
570 1900 687 1964 Filium,
712 1920 744 1952 ur
768 1904 807 1953 ait
827 1901 961 1970 Joanncsa

108 1995 145 2027 ·us
163 1980 243 2028 etiam
259 1981 313 2030 luit
332 1981 427 2029 habere
439 1978 555 2034 Matrem
570 1977 741 2029 Advocatarn
758 1979 827 2041 apud
844 1975 958 2031 Filium.

108 2050 155 2102 lam
170 2057 288 2117 peccatis
305 2057 403 2105 uostris
422 2071 475 2106 nou
497 2059 580 2106 solum
604 2051 684 2106 Deus
699 2055 861 2114 offenditur,
887 2055 963 2117 eujus

108 2145 223 2194 :accepta
240 2132 445 2194 violemua5sed
463 2127 589 2182 &Filius
614 2128 689 2188 Dei,
715 2130 788 2193 cnjus
812 2130 963 2191 sanguinem

108 2208 423 2266 secandoconculesmus,
448 2225 537 2259 rursus
561 2209 747 2266 crucifigentes
772 2202 871 2258 Filium
886 2202 961 2257 Dei:

124 2286 183 2336 ideo
201 2287 269 2338 sicut
287 2286 352 2350 apud
371 2283 475 2337 Patrem
492 2287 646 2349 interpellat
664 2281 767 2341 linium
783 2285 822 2333 sic
840 2277 960 2346 spudFi·

108 2378 150 2410 una
167 2364 322 2426 interpellat
339 2358 449 2415 Mater.
468 2359 550 2413 Unde
577 2359 663 2414 Filius
687 2363 805 2412 ostendit
824 2359 896 2413 Patri
924 2361 960 2407 la·

107 2456 127 2490 ss
141 2478 148 2498 ‚
164 2443 186 2488 &
203 2443 312 2488 vrslnera
323 2443 360 2498 ,bt
378 2435 469 2490 Mater
486 2438 603 2487 ostendit
624 2434 696 2489 Filio
713 2452 806 2500 pectus
816 2475 822 2497 ,
832 2442 853 2486 a
863 2434 961 2489 ubcrs;

108 2516 154 2564 ude
173 2518 240 2566 facta
263 2533 302 2567 est
323 2516 415 2564 idonea
432 2512 710 2575 Advocatazidonca,
727 2516 788 2580 quia
805 2513 959 2576 purissima:

108 2592 204 2651 louet,
228 2593 288 2657 quia
307 2593 507 2655 acceptissima;
534 2592 645 2652 idonea,
669 2593 729 2657 quia
747 2591 881 2654 piissima:
899 2589 963 2637 bate

108 2672 152 2719 rim
178 2672 262 2719 omnia
288 2670 319 2719 ad
336 2667 503 2720 Advocatam
519 2670 708 2735 requiruntur.
719 2664 771 2735 ldis
787 2665 956 2731 ergono·

107 2762 145 2798 tta
163 2762 250 2801 nostra
266 2747 330 2819 illos
340 2762 400 2796 tuos
418 2746 597 2797 misericordes
607 2750 700 2800 oculos
709 2747 738 2794 ad
750 2763 801 2797 nos
813 2756 941 2795 converte
953 2757 961 2797 ί

108 2824 115 2873 Ι
142 2841 168 2876 te
193 2827 222 2883 in
249 2824 348 2877 obteris
371 2824 576 2874 necessitatibus
601 2825 773 2884 accurrimus,
799 2837 874 2871 tuum
898 2823 960 2873 olli-

107 2917 156 2952 lum
173 2903 274 2965 imple,
291 2916 366 2950 tuum
385 2915 448 2963 opus
472 2915 583 2950 sterce.
610 2906 643 2962 ll.
664 2897 794 2950 &natam
819 2900 964 2947 monilibus

107 2980 177 3028 iliam
189 2978 336 3044 Jerusalem
360 2976 495 3030 Dominus
518 2977 688 3039 concupivit:
707 2972 746 3026 Et
764 2974 888 3026 videntes
904 2990 958 3025 eam

107 3056 170 3104 iliae
187 3055 269 3116 Sion,
288 3055 464 3105 beatissimam
490 3054 723 3115 praedicaverunt,
739 3053 876 3103 dieentesa
895 3047 959 3101 Un-

107 3147 209 3182 aentum
226 3133 334 3183 effusum
352 3130 460 3186 Nomen
479 3145 567 3181 entant:

114 3212 142 3269 tl.
160 3207 266 3260 Atticis
282 3206 394 3271 Regina
413 3225 425 3256 a
442 3207 541 3256 dextris
559 3208 613 3257 tuis
637 3207 665 3256 its
690 3206 793 3256 vestitu
817 3205 959 3261 deaurato,

108 3282 402 3336 rcumustavarie'mte.
428 3281 466 3336 Et
490 3282 614 3335 videntes
631 3288 677 3334 lte.
693 3279 788 3332 Gloria
811 3278 886 3333 Patri
910 3283 957 3329 lic.

107 3357 260 3425 languentum
277 3367 322 3413 lte.

314 3434 363 3490 IN
381 3433 444 3488 ΙΙΙΙ
461 3430 724 3491 NOGTURNO.

428 3527 517 3577 lectio
538 3526 598 3575 Vll.

163 3599 258 3654 Lecrio
274 3598 299 3653 S.
318 3597 463 3663 Evangelii
481 3601 622 3652 secundum
635 3597 766 3666 Joannem
782 3619 804 3651 e.
825 3613 867 3659 19,

107 3766 121 3799 u
138 3747 191 3797 illo
209 3761 326 3808 tempore
342 3778 347 3790 .
362 3743 472 3797 Stabant
488 3744 561 3809 justa
578 3739 693 3794 Crucem
705 3740 773 3811 Jesu
783 3739 872 3795 Mater
882 3738 957 3802 ejus,

119 3821 198 3877 Soror
215 3820 315 3875 Matris
333 3823 390 3886 ejus
407 3818 495 3878 Maria
511 3816 667 3883 Glenphae,
692 3823 714 3871 dc
739 3817 829 3874 Maria
845 3815 957 3878 Magda-

110 3917 160 3951 nc.
179 3899 217 3952 Et
234 3899 336 3960 religua

114 3975 238 4032 Humilia
254 3975 278 4030 S.
297 3974 451 4038 Augustini
467 3972 614 4040 Episcopi.

1005 4178 1137 4289 A
