2408 4560
535 548 604 623 resia
622 542 774 607 timorit
1093 552 1132 611 σι

137 648 242 725 nibus,
265 666 426 724 suntantea
455 656 573 714 nioribus
590 653 643 714 luis
668 662 696 714 &
715 676 774 715 tere
793 670 900 712 mortua
914 652 1175 719 interdumtisaell·

139 728 230 799 palam
247 726 409 797 ostenderat,
427 734 530 786 veniam
549 748 642 787 exora·
668 726 712 785 Ad
729 746 788 787 eant
805 725 914 798 proinde
934 728 1016 787 veluti
1034 730 1066 789 ad
1086 732 1175 803 perfe-

141 804 198 857 eit.
222 802 289 859 lilox
307 800 454 859 Cortonam
482 802 596 867 tofecta,
615 803 641 857 in
669 803 765 859 aionis
790 796 937 867 tnagillram
962 819 996 856 ex
1019 800 1114 861 diffitis
1130 819 1174 861 et·

140 875 231 930 cinere
252 878 279 931 dt
295 870 389 930 cilicio
406 874 439 929 ab
456 822 575 931 {blesam
584 874 638 931 Dei
669 872 721 929 iarn
741 872 887 945 regionibus
906 870 1017 943 plurimi
1036 876 1173 933 convenie-

136 940 307 1015 Majellatem
324 942 426 1015 placare
445 942 568 1007 studuit:
593 947 641 1002 do·
669 946 757 1001 bant:
784 944 838 1013 ipsa
857 962 947 1008 vern,
971 941 1065 1003 calesti
1084 981 1094 1013 ,
1114 966 1174 1015 quo

137 1034 187 1073 nec
205 1012 265 1088 poll
288 1014 414 1074 triennale
437 1019 567 1075 uirtutum
594 1038 641 1075 ex·
668 1034 723 1074 erat
749 1014 881 1089 perlusa,
905 1016 1023 1085 lumine,
1048 1014 1172 1077 cordium

174 1090 315 1145 timentum
338 1108 353 1145 a
373 1090 506 1149 Fratribus
530 1092 641 1147 Minori·
669 1086 787 1151 secreta,
809 1088 983 1145 conscientias
1000 1088 1169 1159 hominurn,

136 1108 213 1223 pem,
236 1158 382 1231 spititualis
409 1164 470 1219 vitae
501 1159 641 1228 ducibus,
669 1163 724 1215 iuro
741 1166 767 1219 dr
784 1182 816 1233 pe
833 1176 895 1217 cata
918 1162 947 1215 in
972 1164 1080 1217 remotis
1103 1158 1171 1219 licet

136 1234 224 1291 Tertii
241 1230 355 1290 Ordinis
373 1230 495 1291 habitum
512 1237 640 1305 impetra·
668 1234 786 1301 partibus
800 1234 891 1291 Deum
905 1231 1171 1291 oll‘endtntiumcnm

136 1306 203 1361 tit.
225 1305 331 1363 Uberes
355 1305 448 1365 exinde
477 1304 598 1381 lacryma
614 1308 638 1361 ei
667 1301 923 1377 doloreuiacryrnis
943 1303 1084 1375 detegens,
1101 1304 1171 1362 suut·

136 1371 277 1435 santiliares
296 1374 573 1446 luerunt,atqueima
592 1378 634 1435 su·
668 1395 763 1445 unaque
790 1380 817 1435 in
845 1380 937 1435 Deum
963 1382 990 1433 δι
1016 1376 1170 1446 proximum

136 1449 221 1519 spirit
239 1450 303 1507 tanti
322 1452 402 1506 animi
418 1452 580 1507 contritione
593 1450 641 1507 du·
668 1447 796 1505 charitate
814 1449 937 1515 ferrens,
961 1450 1093 1519 ingentem
1110 1450 1171 1505 ani-

139 1526 202 1583 flas
219 1540 249 1578 ut
265 1520 314 1577 diu
332 1516 446 1589 elinguis
465 1518 641 1587 confideret,
669 1539 771 1577 maturo
781 1521 894 1580 frutium
902 1538 1008 1591 operata
1015 1518 1070 1579 eli.
1084 1522 1172 1591 AEgtie

135 1590 263 1653 Ltdlulus
286 1591 355 1649 nuda
380 1592 497 1661 humus,
525 1592 640 1651 cervical
668 1592 700 1647 ad
721 1594 745 1648 l'e
764 1594 929 1651 venientibus
959 1590 1097 1659 inlutum,
1119 1592 1172 1651 nb·

135 1664 206 1737 lapis
225 1680 273 1724 aut
290 1662 390 1735 lignum
407 1666 543 1735 porrexit,
559 1684 641 1735 atque
668 1660 737 1721 selbs
754 1662 770 1721 l
789 1666 905 1723 detncrne
922 1662 1104 1723 liberationem
1122 1668 1174 1723 im·

134 1738 179 1797 ita
198 1740 287 1795 nostes
302 1734 433 1793 insomnes
452 1740 480 1793 in
498 1736 640 1795 celestium
668 1738 806 1807 petraeit.
832 1740 945 1795 Puerum
963 1736 1111 1796 urrunnun
1128 1734 1171 1797 lu·

137 1808 310 1867 meditatione
341 1808 442 1865 trabere
467 1810 640 1877 ,cortsuevits
669 1826 744 1875 gente
769 1828 853 1867 matre
880 1808 912 1867 ad
930 1811 1011 1865 vitam
1035 1806 1141 1869 reduxit
1160 1848 1172 1871 .

136 1878 244 1939 nullum
269 1876 385 1949 atnplius
410 1898 519 1951 pravum
544 1881 640 1939 defide·
669 1882 838 1939 lmtninentes
867 1880 999 1941 bellorum
1031 1880 1165 1941 tumultun

137 1954 208 2011 rium
226 1951 358 2024 perpella,
385 1950 448 2009 dum
465 1958 547 2011 bonus
565 1953 640 2025 spiri·
667 1950 775 2011 assiduis
792 1956 958 2013 orationibus
975 1952 1093 2012 sedarit.
1109 1954 1174 2011 De·

137 2043 182 2083 tus
205 2028 352 2097 promptior
385 2024 512 2083 infirmam
537 2044 640 2085 carnem
668 2029 747 2094 nique
778 2026 885 2085 susurrat
909 2028 1018 2097 pietatis
1042 2027 1169 2097 operibus

137 2096 171 2154 ad
189 2094 335 2155 subeundos
352 2094 450 2155 labores
469 2098 604 2170 erigebat.
668 2100 744 2154 vivos
761 2105 787 2157 δι
806 2116 927 2155 mortuos
944 2096 992 2153 fibi
1020 2096 1168 2159 demeruit·

135 2178 172 2243 ῃ.
189 2168 302 2241 Propter
320 2174 464 2227 ueritatem·
482 2189 523 2228 tt.
667 2181 700 2237 lje.
718 2168 843 2227 Dilexisti
863 2170 1003 2239 julbtiam.
1021 2170 1074 2227 etl.

329 2236 411 2301 Ltllr'o
429 2262 459 2299 v.
842 2238 929 2301 lellr'e
946 2238 989 2293 ve'.

218 2314 347 2372 Damone
365 2310 464 2369 infidiis
482 2308 594 2371 funestis
607 2330 639 2368 ue
738 2313 781 2371 Ot
800 2310 891 2371 sterilis
907 2310 1030 2383 operibus
1046 2328 1168 2381 occupa·

219 2386 355 2445 conatibus
380 2382 494 2443 lacelltta
512 2418 522 2449 ,
542 2332 639 2442 Mulier
743 2402 789 2445 ta,
810 2384 842 2441 de
867 2388 978 2453 rigore,
1000 2402 1057 2453 quo
1072 2380 1169 2441 affidue

136 2462 217 2519 fortis
233 2456 337 2517 bollein
353 2476 385 2513 ex
403 2460 487 2515 verbis
505 2456 638 2514 detectum
666 2474 711 2513 cot
733 2474 764 2513 us
781 2456 857 2513 suum
874 2456 1025 2525 exercebat,
1040 2453 1109 2513 nibil
1123 2474 1167 2513 rt·

136 2528 217 2593 semel
236 2552 315 2603 atqu:
334 2531 430 2585 iterum
450 2531 546 2587 insidia
563 2547 637 2599 repu-
666 2476 759 2593 millt,
790 2548 875 2599 neque
900 2550 916 2587 a
946 2524 1034 2585 lludio
1054 2522 1168 2587 calestia

135 2606 194 2663 lit.
223 2604 266 2663 ad
282 2600 441 2663 eludendum
458 2620 531 2659 sana
546 2598 638 2667 gloria
666 2600 806 2661 meditandi
824 2602 849 2659 se
868 2598 947 2658 aselli
965 2600 1033 2671 palla
1049 2598 1109 2661 est:
1138 2602 1166 2659 in

133 2676 319 2745 lenocinium,
345 2696 402 2746 quo
419 2694 436 2733 a
454 2672 524 2731 malo
542 2674 637 2744 lpiritu
667 2692 780 2742 utroque
799 2675 861 2731 vitat
882 2692 973 2743 genere
990 2670 1066 2743 plane
1082 2670 1167 2729 admi·

133 2750 294 2825 petebatur,
312 2748 460 2820 preteriret
477 2764 561 2803 rnores
577 2745 638 2801 suos
666 2746 759 2809 tanda,
775 2762 915 2813 utramque
933 2744 1065 2811 fornum,
1089 2748 1167 2813 Mag-

133 2844 182 2897 per
198 2826 274 2881 vicos
290 2829 317 2881 dt
334 2822 437 2893 plateas
453 2812 506 2877 alta
523 2834 636 2874 voceac·
665 2816 783 2875 dalenam
800 2824 826 2875 δι
846 2814 1005 2879 Manliana,
1027 2816 1166 2873 referens.

130 2894 223 2953 eusatte
239 2914 291 2953 nou
309 2892 430 2959 destitit,
447 2892 519 2949 omni
539 2884 637 2959 suppli·
665 2890 781 2947 Tandem
798 2908 848 2959 pro
865 2888 890 2944 l'e
906 2888 1055 2945 Dominum
1072 2904 1167 2955 orans,

133 2972 182 3027 tio
203 2966 315 3025 sertam
332 2966 490 3027 inclamante
522 2978 571 3019 nec
589 2956 635 3015 nifi
667 2980 697 3019 ut
710 2980 743 3017 ea
764 2960 814 3017 bat
831 2957 898 3017 valle
918 2958 1093 3033 lacrymatum
1111 2956 1166 3015 sur·

131 3058 151 3099 a
167 3038 332 3101 Cmfeffario
348 3040 472 3097 deterrita
490 3046 516 3093 in
535 3032 634 3107 specio·
665 3032 724 3092 sum
741 3036 768 3091 in
786 3030 912 3089 celellem
931 3032 1042 3101 paztiam
1061 3046 1167 3091 menta·

132 3114 189 3171 sana
205 3112 301 3171 faciem
327 3114 393 3169 olim
421 3111 521 3183 impuri
538 3108 636 3168 amoris
664 3124 753 3175 retur,
780 3106 902 3163 exaudita
920 3102 957 3163 cll
975 3104 1062 3159 oratio
1080 3104 1169 3173 ejus,

131 3184 241 3245 caulam
273 3184 362 3243 latire
389 3184 539 3243 abilinnit:
569 3200 636 3253 aegre
663 3178 707 3237 die
731 3198 811 3257 aunt
844 3174 910 3233 hora
941 3176 1115 3233 dormitionis
1139 3176 1169 3231 ei

135 3258 223 3317 ferens
240 3257 314 3317 suam
334 3256 445 3315 formam
462 3254 537 3325 longa
553 3258 637 3309 curnis
664 3254 821 3324 patelatiis·
844 3252 949 3309 blerials
974 3251 1064 3319 ireque
1081 3254 1108 3307 dt
1127 3242 1169 3303 la-

131 3333 366 3389 maetratinnenon
378 3328 494 3387 aboleri·
509 3326 636 3401 Quibus,
664 3326 772 3385 boribus
791 3322 886 3395 plena,
903 3342 935 3379 a:
954 3320 1100 3381 caelitibus
1117 3318 1169 3377 do·

129 3399 248 3473 allisque
264 3422 363 3477 anagn:
379 3402 544 3476 poenitentiae
560 3418 635 3467 argu·
664 3401 704 3455 nis
719 3396 875 3465 cumulata,
892 3399 976 3467 eoepit
992 3396 1112 3465 corporis
1128 3396 1168 3449 vi-

129 3478 230 3535 mentis
262 3475 370 3535 duorum
402 3476 543 3535 eriminum
578 3468 636 3527 labe
664 3472 737 3527 ribus
755 3468 881 3551 delberti,
899 3490 944 3539 per
961 3468 1016 3527 dits
1033 3467 1169 3549 decembr

129 3550 266 3620 expiata,
289 3570 371 3621 atque
391 3550 429 3607 ita
445 3548 478 3603 de
496 3544 521 3601 se
540 3542 765 3613 trium-'leptem
787 3541 862 3601 nnsln
884 3544 974 3605 cibo,
1002 3538 1043 3595 lid
1066 3538 1169 3593 diurnis

130 3622 270 3695 plrarrix,
295 3642 325 3683 ut
343 3622 427 3681 sensus
449 3618 526 3691 pluere
545 3634 635 3675 omnes
666 3634 769 3673 tantum
800 3614 944 3697 colloquiis
971 3608 1067 3668 referia
1102 3604 1170 3665 elia

132 3716 151 3755 a
179 3694 270 3753 tutundi
305 3694 437 3753 illecebris
465 3688 635 3755 culloditet,
664 3708 721 3747 tum
746 3688 906 3747 larrdillrmis
932 3680 1053 3741 Ecclcbae
1077 3684 1170 3765 Sacra·

129 3768 212 3837 digna
229 3768 300 3829 i'adta
318 3766 381 3833 est,
409 3786 470 3835 qua
488 3768 555 3833 l'aepe
573 3760 635 3819 Do·
665 3766 761 3821 mentis
779 3758 830 3817 rite*
848 3754 991 3847 suletptis,
1010 3752 1170 3813 vultulrtla·

129 3842 200 3897 mini
244 3840 433 3900 consuetudine
478 3836 635 3893 frueretur.
665 3840 688 3893 ri
715 3851 796 3901 arque
823 3848 911 3887 ocutis
938 3846 966 3885 ιιι
989 3828 1085 3887 calum
1103 3844 1168 3883 con·

131 3910 258 3987 Ejusdem
276 3934 387 3985 quoqne
403 3908 508 3969 Cleril'li
529 3914 555 3967 δι
573 3911 635 3963 Vir·
665 3904 739 3965 verbs
756 3937 766 3969 ,
789 3908 884 3963 oetaeo
904 3899 1038 3985 Kalendas⁸
1051 3900 1167 3958 Martias

128 3989 204 4057 ginis
221 3990 315 4047 Matris
332 3985 474 4051 dolorum,
492 3979 564 4053 quod
578 3980 635 4051 ipsa
662 3997 727 4037 anno
749 3980 836 4035 atatis
867 3984 1086 4045 quietquagelrrno
1106 3990 1170 4057 ter-

128 4059 251 4119 ardentet
266 4064 428 4131 expetierat,
446 4060 578 4128 particeps
594 4052 632 4110 fa·
662 4054 722 4118 tio,
741 4049 861 4109 humana
880 4068 942 4105 vero
965 4048 1058 4107 salutis
1076 4044 1168 4103 mille-

129 4134 173 4193 na
191 4168 204 4205 ,
231 4136 333 4194 eunetis
350 4130 460 4195 strabus
484 4126 634 4205 destituta,
664 4122 731 4183 fimo
747 4122 926 4187 dueenteiitno
941 4120 1117 4251 umbi-,Q
1123 4117 1169 4179 se-

1025 4217 1048 4256 n
1126 4228 1144 4256 s
