2408 4560
93 588 158 657 Vos
174 600 251 671 sirpo
272 598 360 659 Mtr'er
377 602 496 673 exrirst,
596 597 661 659 culo
677 640 687 660 .
705 595 882 659 Dorniusntes
905 597 934 659 in
960 522 1100 672 poteildti·

98 668 223 733 Ut‘luee
241 669 354 733 mundus
366 672 496 745 splendere
596 674 645 731 bus
663 672 740 742 stris,
766 672 890 731 homiues
906 675 993 745 magni
1012 676 1102 734 vitru-

57 747 124 804 Vos
138 740 212 805 lubre
228 740 294 803 laste
312 742 410 819 perlita
597 762 651 813 re,
678 751 705 804 8(
730 742 867 816 prudentis
892 744 938 805 sue
960 744 1066 819 prediti
1087 782 1100 817 ,

94 820 192 877 Servos
210 819 306 877 Merit
322 821 473 882 nominent:
596 819 748 877 nuntiantes
770 820 799 875 in
817 813 957 887 Prophetis
985 819 1103 891 dignite-

100 894 174 949 Tum
193 893 245 951 Vir
264 910 282 947 o
299 908 347 949 vos
362 894 482 953 Seuerios
598 906 653 949 tem
669 888 885 962 Prophetarum,
902 894 930 949 8(
941 892 1103 963 imperantes

99 963 185 1050 Adire
199 911 285 1023 colles
302 966 434 1050 imperet.
575 965 626 1045 Ιἰιι
640 961 762 1049 presenti
788 958 921 1049 populo,
951 969 977 1021 de
1003 964 1102 1025 virtute

55 1036 123 1097 Vos
141 1036 199 1109 ipss
215 1039 305 1096 Mater
323 1034 423 1105 inclyta
599 1035 743 1107 prudentie
759 1034 868 1107 populis
880 1030 1036 1095 sanditsiims
1043 1055 1101 1096 rer·

99 1109 215 1169 Funebri
233 1107 318 1181 pollio
338 1109 426 1167 induit
434 1131 445 1179 3
575 1110 657 1167 m.
687 1108 724 1166 In
744 1110 841 1189 peritis
873 1107 918 1167 sus
943 1109 1104 1179 requiremes

97 1186 144 1242 Ur
161 1178 280 1241 deflestis
299 1178 425 1245 vulnere,
576 1196 579 1202 ·
600 1180 691 1237 modos
710 1184 837 1252 munros,
855 1186 882 1241 8(
899 1198 1031 1241 narrantes
1048 1198 1107 1241 cer·

98 1256 174 1327 ere
225 1251 304 1313 rrulit
322 1251 479 1315 saevisiims.
576 1256 669 1311 mina
685 1250 895 1324 scripturarum.

61 1329 133 1389 Hoc
150 1330 179 1398 ip
193 1348 207 1386 a
223 1324 284 1385 tuli
304 1323 321 1385 d
338 1325 457 1386 culmine
506 1380 509 1387 .
599 1337 633 1395 n·
649 1326 796 1385 letabitur
813 1325 929 1397 deserta,
957 1332 984 1386 8(
1001 1326 1073 1385 insit
1090 1358 1103 1396 2

104 1401 186 1457 Pereo
205 1396 305 1459 revelat
323 1402 452 1475 martyris
578 1448 581 1453 .
600 1404 626 1457 8(
645 1394 774 1457 exultabit
793 1396 935 1457 solitudot
965 1397 980 1429 *
997 1404 1031 1460 Et
1049 1397 1103 1459 flo-

99 1471 235 1543 Juberque
255 1490 356 1529 coetum
373 1488 509 1544 perpetem
600 1469 669 1527 rebit
686 1469 757 1541 quast
773 1468 880 1529 lilium.

102 1546 180 1603 Hine
198 1540 311 1615 polletis
326 1542 471 1605 constitui.
601 1542 636 1607 li·
648 1538 1104 1613 Germinunsgerminsbir,&exul·

58 1617 126 1693 Qui
156 1614 320 1677 famulentur
338 1620 457 1691 jugiter,
600 1615 669 1672 tebit
688 1611 832 1676 letabunda
851 1622 879 1676 8(
896 1614 1019 1699 lundens.
1036 1622 1081 1677 Er.

103 1688 248 1759 ipsamque
265 1687 366 1761 semper
383 1689 515 1760 diligant,
577 1708 579 1713 ·
782 1685 867 1751 uilio
885 1688 919 1749 t'r.

106 1758 229 1829 Colunt,
246 1780 410 1835 propagent,
425 1761 572 1836 praedioenr
601 1761 779 1893 HOmines
804 1762 903 1823 divites
926 1762 957 1820 in
980 1754 1107 1837 virtute,
1183 1806 1195 1815 -

101 1836 169 1905 Eius
186 1832 290 1893 dolores
308 1832 424 1894 flebiles.
682 1831 890 1907 pulchritudinis
914 1832 1031 1895 {ludium
1056 1833 1105 1895 ha·

60 1906 188 1985 Quem,
204 1906 296 1965 Duces
312 1904 473 1979 sortiisrmi,
578 1908 708 1971 'bentesr
730 1908 897 1979 pacificantes
921 1910 949 1967 in
981 1906 1107 1967 domibus

101 1978 148 2041 An
168 1998 216 2037 ros
234 1978 372 2049 sequamur
389 1977 507 2045 sirenue:
600 1982 669 2039 suis.
686 1982 791 2041 Omnes
808 1978 851 2038 isti
861 1984 888 2039 in
896 1980 1108 2051 generetionibns

102 2048 190 2111 Ardor
208 2047 336 2122 dolorque
355 2052 474 2113 fervidus
599 2055 684 2126 gentis
703 2054 755 2111 snae
770 2051 887 2123 gloriam
916 2052 1006 2127 adepti
1030 2053 1110 2123 sunt,

104 2126 138 2183 ln
156 2126 293 2195 Virginem
310 2144 358 2182 nos
375 2144 521 2200 occupent·
599 2133 626 2186 8(
644 2127 673 2185 in
691 2123 783 2183 diebus
799 2126 855 2184 suis
869 2124 1038 2184 habenturin
1049 2122 1110 2185 lau·

62 2203 103 2259 Er
120 2213 150 2255 tu
169 2195 278 2268 superne
295 2199 412 2257 Triuirss
599 2197 691 2255 dibus·
709 2200 772 2277 Qui
790 2197 823 2255 de
839 2195 895 2253 illis
909 2200 966 2255 neri
976 2198 1051 2265 sunt,
1069 2217 1108 2254 re·

103 2266 234 2329 Persuade
252 2269 338 2329 sanilo
357 2271 471 2335 robore,
599 2268 733 2338 liquetur:
749 2287 846 2331 nomen
869 2268 990 2327 narrandi
1016 2268 1108 2327 laudes

105 2342 256 2413 vitamque
273 2339 316 2403 sae
334 2361 390 2403 non
407 2344 537 2417 imparem
598 2361 706 2404 eorum:
725 2347 751 2402 8(
769 2341 849 2412 sunt,
865 2360 981 2410 quorum
998 2359 1051 2399 non
1068 2339 1108 2399 esi

102 2412 214 2473 Nostris
227 2414 316 2473 Bessis
333 2415 449 2475 ducere.
469 2421 572 2475 Amen.
599 2416 743 2474 memorie:
768 2417 933 2485 perierunt,
959 2411 1031 2484 qussi
1054 2415 1106 2483 qui

87 2491 121 2543 Its
136 2484 221 2563 prim
235 2482 384 2560 troilum,
401 2488 571 2564 Arripiunt.
595 2506 650 2545 non
667 2487 782 2545 suerinr=
807 2493 834 2547 8(
850 2486 907 2545 nari
933 2484 1012 2557 sunt,
1035 2484 1110 2557 quati

65 2558 104 2618 In
139 2560 239 2621 vertice
273 2562 410 2621 Montium
445 2560 573 2634 plantavit
599 2578 653 2619 non
674 2561 751 2630 neti,
773 2565 802 2621 8(
826 2556 877 2619 filii
891 2558 1020 2633 ipsorum
1042 2576 1108 2620 cuns

62 2634 172 2704 Regius
190 2635 341 2707 Martyrum
368 2635 471 2693 vineam
489 2631 573 2707 jusio-
600 2632 675 2706 ipss⁴

62 2722 164 2839 mu}
181 2704 363 2839 ddiadodiii
388 2710 448 2783 ejus
464 2706 574 2767 inedita·
599 2717 634 2837 li.
649 2701 817 2837 duellia
825 2726 921 2767 tetrus
937 2703 1112 2856 dmdldiuii

259 2801 276 2841 c
353 2799 386 2836 e·
635 2799 646 2834 e
674 2799 722 2839 ser
775 2799 1003 2842 nnsmurorum:

67 2846 168 2923 Pstis».
188 2854 284 2911 Beatus
300 2855 360 2922 vir,
378 2853 423 2921 qui
439 2854 573 2911 nonsbiir.
600 2800 680 2909 sinsae
706 2852 765 2909 sunt
782 2799 812 2908 iit
830 2850 934 2909 deserto
961 2869 1058 2921 aque,
1081 2857 1112 2911 8(

64 2941 127 2981 suu
149 2920 229 3001 reliq.
252 2942 284 2979 ut
310 2922 340 2979 r'sr
358 2924 488 2987 cmmrrnr'
510 2936 573 2983 con·
600 2940 730 2982 torrentes
747 2925 775 2978 in
793 2921 951 2984 solitudine.

62 2992 170 3069 Moris
187 3018 237 3053 mn
254 2997 356 3071 Pontis.
373 2994 427 3055 lxx.
603 2996 636 3055 Ψ.
654 2996 687 3052 ln
705 2991 859 3064 cubilibus,
873 2992 1020 3065 iri-quibus
1035 2994 1111 3065 prius

66 3064 254 3142 Antiphone·
287 3070 405 3129 Domina
437 3068 506 3127 dixit
540 3069 574 3129 ad
600 3063 1025 3135 draconeslrebitsbtnr‚-orietur
1038 3066 1112 3125 siroe

63 3158 136 3211 sos,
153 3139 218 3201 Filii
235 3146 290 3203 mei
307 3140 368 3201 silis
385 3160 445 3203 voss
475 3140 574 3203 exulta·
599 3136 716 3213 calami,
731 3144 759 3201 8(
772 3141 868 3225 iunci.
883 3142 972 3225 Qir-

66 3230 122 3282 ts,
141 3216 208 3282 ouis
226 3234 278 3287 ego
296 3234 344 3273 ros
360 3216 459 3285 genui.
578 3218 582 3261 :
780 3209 868 3276 scilta
886 3216 936 3273 s’rr.

65 3284 249 3361 Antiphone.
270 3292 345 3347 vore
363 3286 409 3347 sus
425 3288 458 3349 ed
476 3287 574 3347 Domi-
640 3285 679 3347 Ed
695 3284 737 3346 illi
755 3287 807 3347 viri
827 3284 1015 3351 misericordie
1031 3286 1114 3362 sunt,

66 3378 132 3419 narn
149 3356 360 3430 clamaverunt,
388 3367 415 3421 8(
440 3362 575 3423 exaudivit
654 3380 771 3432 quorum
796 3364 910 3435 pietates
939 3383 993 3423 non
1016 3358 1112 3422 desue-

69 3450 122 3491 ιο(
138 3431 173 3493 de
190 3452 281 3497 monte
298 3434 384 3495 struo
403 3433 465 3493 suo.
601 3451 678 3497 runt:
697 3453 759 3492 eum
776 3434 875 3496 semine
896 3457 991 3499 eornrn
1008 3454 1114 3509 perma-

59 3506 107 3571 d·
127 3508 265 3567 iamin
284 3509 311 3565 in
327 3508 450 3567 Domino
465 3504 577 3567 &exul
602 3525 663 3567 nent
679 3507 765 3578 bona,
781 3506 1014 3570 hereditasse&
1031 3526 1112 3579 nepo·

67 3593 129 3637 rsre
147 3576 224 3651 julli.
242 3592 277 3651 nt.
292 3586 328 3639 Et
346 3578 498 3653 gloriamini
518 3601 576 3643 orn·
604 3598 643 3640 tes
660 3600 772 3651 eorum,
797 3588 824 3643 8(
842 3585 869 3641 in
886 3580 1045 3639 testamentis
1062 3577 1113 3638 sie·

64 3668 119 3713 uss
134 3654 200 3713 redii
217 3652 316 3713 eorde·
581 3676 585 3684 ·
603 3658 640 3713 tit
658 3652 743 3714 semen
761 3674 872 3719 eorum,
895 3659 923 3711 8(
948 3650 998 3713 filii
1016 3668 1112 3711 eorum

61 3766 66 3775 ,
155 3724 198 3784 De
217 3725 287 3787 libro
303 3722 495 3789 Eteltfisliiei.
604 3746 713 3801 propter
736 3724 799 3785 illos
820 3726 908 3795 usque
931 3727 961 3783 in
985 3741 1113 3783 tranum

88 3792 175 3859 lolli·
191 3796 214 3858 r'.
439 3810 475 3857 ca
493 3816 560 3871 .44.
604 3817 723 3862 manent:
742 3798 827 3857 semen
838 3816 956 3868 eorum,
979 3803 1007 3857 8(
1024 3794 1112 3865 glotis

130 3870 268 3933 nudmus
282 3875 355 3933 viros
372 3870 459 3945 glorio
470 3893 499 3931 os
515 3910 526 3942 ,
552 3879 579 3935 8(
605 3894 697 3935 eorum
710 3890 765 3929 non
780 3868 991 3942 derelinquetur.
1004 3872 1112 3941 Corpo-

66 3943 580 4091 tnu'iffildizinilizi
605 3942 1017 4081 {missilis
1032 3942 1113 4088 {2:23

65 4092 208 4157 Dominus
224 4092 419 4171 malfiteurie
437 4093 483 4157 sua
501 4094 579 4161 asz-
603 4094 753 4167 ratlonem‚
776 4098 805 4157 8(
829 4095 1047 4178 generosiorem:
1073 4088 1114 4153 sa·

119 4222 123 4227 .
150 4206 153 4213 ·
1000 4182 1080 4236 pten-
